3674 5800
614 851 797 898 suuonruu
821 849 1069 918 ursrosmucpr.
1256 891 1258 895 ,
1352 830 1373 898 7

318 1021 468 1088 Nimius¹
493 1021 661 1101 nascitur;
698 1021 756 1108 qui
778 1023 867 1088 lacus
897 1021 1128 1108 magnitudine
1150 1022 1202 1086 sui
1225 1024 1366 1106 tempes-
1383 1019 1506 1076 ollares

319 1130 403 1190 tates
432 1124 566 1190 imitst²
587 1125 743 1190 marinus.

360 1226 543 1292 Lucrinus³
566 1231 601 1292 et
626 1227 777 1292 Avernus
799 1231 878 1292 sunt
900 1225 962 1292 laci
986 1224 1199 1312 Campaniae3
1232 1224 1341 1288 dictus
1361 1222 1373 1258 ⁴

317 1327 499 1394 Lucrinus³
520 1351 589 1415 prae
610 1329 706 1415 copia
727 1328 874 1416 piscium,
899 1329 1051 1393 Avernus
1081 1326 1189 1392 dictus
1212 1348 1250 1391 ec
1273 1325 1362 1410 quod

316 1452 392 1496 aves
414 1435 627 1518 supernatare
649 1451 718 1496 non
739 1435 879 1516 possent.

752 1817 831 1882 Cur.
856 1815 934 1880 VII.

645 2091 648 2098 ¹
730 2007 780 2074 nc
803 2005 950 2073 raucis.

358 2197 503 2276 QUIDAM
525 2201 637 2264 autern
660 2197 841 2263 fluviorum
872 2196 1012 2284 propriis
1035 2217 1077 2262 ex
1100 2197 1205 2262 causis
1227 2196 1363 2261 nomina
1376 2213 1503 2268 Orrivcrr

311 2305 512 2386 acceperuut,
545 2322 587 2366 ex
625 2301 746 2386 quibus
778 2299 930 2365 nonnulli
961 2299 1102 2365 notandi
1128 2303 1207 2364 sunt
1236 2299 1292 2386 qni
1327 2299 1362 2363 in

311 2401 455 2466 historiis
478 2403 620 2468 celebres
642 2403 867 2469 nominantur.

355 2503 446 2570 Genu
491 2505 615 2570 fluvius
652 2512 704 2571 est
742 2507 782 2572 de
820 2505 976 2570 Paradiso
1013 2505 1135 2582 exiens,
1171 2503 1358 2568 universam

310 2605 512 2693 AEtlriopinm
545 2607 687 2693 cingens,
720 2612 755 2673 et
791 2613 913 2672 terram
945 2607 1085 2694 AEgypti
1110 2605 1228 2692 irrigat
1259 2629 1362 2672 aunu-

308 2707 398 2771 atim.
446 2709 513 2774 Hic
534 2711 622 2796 apud
645 2709 822 2797 AEgyptios
849 2708 948 2773 Nilus
971 2713 1121 2774 vocatur.

354 2809 485 2895 Ganges
503 2863 505 2870 ,
522 2817 571 2877 cst
608 2812 731 2883 fluvius
768 2833 866 2898 quem
897 2811 996 2877 Sacra
1028 2809 1199 2896 Scriptura
1236 2808 1359 2874 Phison

308 2911 469 2994 nominat,
509 2913 550 2978 de
588 2913 744 2979 Paradiso
781 2914 897 2979 exieus
935 2913 978 2978 ud
1016 2913 1166 3000 regiones
1190 2911 1359 2978 Indorum.

308 3012 438 3100 Ganges
461 3021 573 3080 autem
596 3015 759 3082 vocatus⁶
782 3038 803 3082 a
826 3015 981 3102 (langare
1003 3037 1080 3103 rege
1103 3013 1211 3080 Indiae
1223 3037 1232 3094 ;
1255 3014 1360 3079 fertur

307 3115 394 3180 enim
417 3121 451 3182 et
481 3117 554 3181 Nili
577 3118 673 3183 medo
696 3139 793 3204 super
822 3123 929 3184 terras
952 3138 1131 3204 erumpere.

351 3217 459 3302 Tigris
480 3219 602 3284 fluvius
625 3224 675 3284 cst
699 3219 948 3306 Mesopotamiae
979 3221 1022 3286 de
1056 3218 1215 3283 Paradiso
1246 3218 1360 3283 exiens

307 3319 349 3384 ad
372 3317 527 3405 Assyrios
539 3346 548 3401 ;
572 3343 649 3386 nam
673 3326 748 3408 post
771 3323 893 3387 multos
915 3321 1071 3387 circuitus
1094 3321 1130 3384 in
1154 3319 1248 3383 Mare
1271 3319 1359 3383 Mor-

307 3425 402 3484 tuum
426 3422 556 3488 decidit.
604 3423 752 3488 Vocatur
766 3430 878 3488 autem
893 3425 954 3489 hcc
969 3423 1103 3488 nomine
1118 3425 1253 3508 propter
1269 3422 1358 3486 velo·

306 3523 441 3588 citatem
464 3525 507 3590 ad
529 3527 637 3590 instar
659 3525 775 3592 bestiae
797 3525 902 3590 nimiu
926 3525 1125 3612 pernicitate
1149 3522 1317 3590 currentis.

351 3625 537 3712 Euphrates
560 3627 681 3693 fluvius
702 3629 743 3692 de
759 3627 916 3694 Paradiso
931 3628 1090 3706 exoriens,
1107 3627 1245 3713 gemmis
1261 3625 1357 3692 ditis-

304 3727 415 3804 simus,
432 3728 472 3793 de
496 3729 759 3815 Mesopotamis⁰
781 3751 840 3817 per
861 3729 1003 3794 mediam
1028 3728 1248 3815 Babyloniam
1269 3728 1355 3794 fluit.

306 3829 373 3894 Hic
394 3851 415 3893 a
436 3830 589 3917 frugibus
611 3831 666 3896 vel
692 3830 857 3898 uberitate
878 3853 999 3896 nomen
1022 3832 1147 3917 accepit
1159 3855 1168 3910 ;
1191 3831 1355 3896 Hebraice

305 3929 443 4016 eufrata
458 3932 616 3998 fertilitas
635 3933 884 4020 interpretatur.
915 3931 1212 4020 Mesopotamiam⁷
1228 3934 1264 3998 in
1279 3933 1352 4019 qui·

304 4032 441 4098 busdam
463 4035 542 4100 locis
564 4035 615 4100 ita
637 4035 757 4121 irrigat
778 4035 864 4101 sicut
886 4035 985 4100 Nilus
1001 4034 1249 4100 Alexandriam.

349 4135 454 4202 Indus
476 4141 527 4203 est
550 4136 674 4202 fluvius
699 4135 848 4202 Orientis
864 4137 923 4224 qui
940 4135 1054 4202 Rubro
1080 4137 1168 4202 Mari
1184 4137 1353 4224 accipitur.
1476 4157 1479 4166 ·

337 4468 468 4535 ¹Nr'mr'us]
487 4483 552 4520 corr.
570 4468 690 4520 Mincius.
880 4471 1014 4536 ‘uoectrnJ
1039 4479 1150 4523 vocatur.
1184 4472 1218 4524 D.

335 4548 447 4614 ²r'mr'tul]
474 4547 592 4600 imitatur.
633 4548 699 4600 B.D.
741 4548 805 4598 Pro·
880 4547 1085 4616 'Mesopolumffl
1098 4551 1348 4616 Mesopothamisdl.

303 4625 551 4692 bablymututinll.
847 4627 1039 4691 Mesopotomin
1073 4629 1106 4680 Β.

337 4705 493 4771 ¹Lucrim]
512 4707 648 4758 Lucerum.
683 4705 747 4758 B.D.
883 4707 1113 4773 ’Mesopotamium
1133 4707 1352 4772 Masupctomiam.

336 4783 448 4851 *dicem
461 4785 566 4837 'dicitur
599 4785 631 4835 B.
848 4787 878 4836 B.

1152 4881 1176 4930 A
1192 4869 1261 4932 44·-
