3590 5844
471 765 538 842 376
771 783 954 834 eunomus
976 781 1223 834 msmsnnurs

864 1099 943 1166 Otr.
970 1097 1124 1166 LXXIV.

303 1323 445 1380 &Orsus
516 1299 583 1366 Hls
606 1301 718 1388 itaque
749 1302 891 1388 peractis
925 1301 1079 1367 successit
1103 1297 1298 1366 Osweldus¹
1323 1299 1360 1365 in
1382 1311 1529 1386 regnum

301 1393 435 1512 afflig
470 1399 728 1480 Northumbriae‚
757 1425 854 1490 quem
893 1404 1106 1470 vehementer
1144 1401 1314 1469 Oedwallo
1352 1404 1527 1468 insecutus

301 1524 368 1578 Al).
383 1533 438 1578 sse.
469 1509 527 1570 est.
552 1503 672 1571 Postea
702 1504 793 1572 misit
810 1505 979 1572 Oedwsllo
1004 1505 1201 1571 Merciorum
1217 1526 1327 1592 regem
1352 1503 1525 1570 Pesndsm

468 1607 504 1672 in
526 1629 735 1696 congressum
758 1613 875 1674 contro
897 1607 1099 1688 Oswcldum,
1123 1607 1181 1695 qui
1208 1629 1284 1673 eum
1307 1605 1461 1674 obsidens
1485 1605 1524 1671 in

467 1711 610 1796 quodum
633 1731 748 1797 compo
773 1710 830 1798 qui
865 1709 989 1776 dicitur
1012 1709 1209 1791 Heuenfeld,
1233 1709 1351 1789 idest,
1375 1709 1524 1776 coelestis

467 1834 608 1900 campus,
645 1811 822 1880 Osweldus
856 1812 903 1878 ibi
945 1833 1074 1879 crucem
1113 1813 1242 1899 erigens
1273 1810 1332 1877 et²
1364 1812 1522 1877 omnibus

466 1915 533 1982 suis
563 1915 689 1981 indixit
722 1921 762 1980 ut
794 1915 831 1980 in
863 1914 916 1980 his
946 1915 1057 1981 verbis
1086 1913 1130 1980 ud
1160 1915 1281 1980 coelum
1314 1913 1519 1980 clamarent:

468 2017 654 2084 Flectcmus
685 2039 794 2106 genus
825 2037 938 2082 omnes
972 2021 1007 2084 et
1042 2016 1151 2082 Deum
1175 2016 1444 2104 omnipotentem
1468 2015 1522 2082 vi·

465 2121 568 2186 vum³
591 2127 625 2186 et
647 2141 762 2186 verum
796 2119 833 2184 in
866 2119 1033 2186 communi
1067 2121 1278 2208 deprecemur
1310 2123 1350 2184 ut
1383 2140 1443 2184 nos
1473 2119 1520 2185 ab

465 2224 615 2290 exercitu
647 2221 787 2310 superbo
810 2221 1000 2288 Britannici
1023 2222 1110 2310 regis
1134 2227 1169 2287 et
1201 2219 1347 2308 ejusdem
1381 2221 1519 2288 nefandi

465 2325 558 2393 ducis
581 2323 741 2392 Pisndse⁴
764 2324 926 2390 defendet.
967 2323 1013 2389 Et
1028 2325 1074 2390 sic
1097 2324 1291 2411 incipientes
1315 2323 1457 2390 diluculo
1479 2325 1518 2389 in
1564 2401 1570 2412 ,

463 2427 573 2494 hostes
596 2427 759 2516 progressi
777 2425 879 2512 juxte
900 2425 1055 2492 meritum
1071 2449 1140 2494 suae
1155 2427 1233 2493 fidei
1251 2425 1392 2492 victoris
1414 2425 1516 2514 potiti

297 2547 363 2602 AJ).
376 2556 432 2602 ere.
462 2537 552 2608 sunt,
577 2531 666 2617 quod
689 2535 728 2596 ut
744 2528 951 2595 cadwalloni
973 2529 1167 2594 nuntiatum
1191 2533 1242 2595 est
1259 2529 1328 2594 neri
1350 2529 1399 2594 irc
1422 2530 1515 2617 igne-

296 2617 416 2734 }ffiffg’l
462 2654 554 2697 scens
583 2631 717 2718 collegit
750 2630 932 2696 exercitum
955 2637 990 2696 et
1021 2637 1172 2697 sanetum
1196 2653 1309 2718 regem
1341 2631 1515 2699 insecutus

294 2749 414 2816 Osvyor
463 2739 522 2812 est,
545 2737 580 2798 et
600 2733 719 2798 collato
740 2733 856 2820 proelio
879 2732 916 2798 in
937 2732 1008 2799 loco
1031 2735 1088 2820 qui
1112 2732 1229 2798 Burn⁶
1250 2739 1388 2799 vocetur
1410 2735 1516 2806 medi·

293 2816 439 2934 RQ
462 2841 541 2902 ants
564 2835 698 2902 Peenda
719 2834 913 2901 interfectus
935 2841 993 2900 est

507 2938 680 3026 Perempto
706 2936 861 3003 Oswuldc
883 2937 987 3004 freter
1013 2937 1084 3024 ejus
1107 2937 1224 3004 Oswi⁰
1246 2937 1429 3006 successit⁷
1455 2941 1515 3028 qui

460 3063 536 3108 eum
567 3040 737 3108 Edelfrido
771 3039 841 3106 filio
871 3041 958 3128 regis
989 3040 1136 3106 Oswsldi
1175 3047 1210 3108 et
1248 3063 1322 3108 cum
1358 3043 1513 3111 Oswcldo

459 3145 528 3210 filio
548 3144 659 3210 fratris
681 3143 732 3210 sui
754 3143 1029 3230 inquietationem
1054 3165 1182 3230 semper
1206 3165 1343 3210 movens
1361 3168 1382 3210 s
1405 3147 1514 3232 patris

458 3248 564 3314 natsh
590 3245 745 3335 propulit,
763 3247 820 3334 qui
835 3243 1008 3312 odientes⁸
1028 3246 1098 3334 regi
1122 3246 1320 3314 Merciorum
1349 3247 1515 3316 Peendoe⁹

457 3351 628 3438 conquesti
669 3354 750 3414 sunt
794 3347 956 3414 auxilium
988 3348 1181 3436 flagitando.
1227 3350 1276 3416 At
1301 3350 1435 3417 Peunds
1467 3353 1514 3417 ti-

454 3471 550 3520 mens
580 3473 693 3541 pocern
728 3451 907 3540 infringere
938 3473 1037 3538 quum
1075 3451 1244 3518 Oudwullo
1274 3475 1332 3540 per
1372 3475 1513 3542 regnum

458 3555 643 3623 Britanniae
673 3559 847 3632 statuerat,
880 3553 1012 3620 distulit
1049 3555 1120 3620 sine
1151 3555 1285 3621 licentis
1315 3579 1375 3622 suu
1404 3557 1514 3644 inqui·

457 3659 636 3725 stationem
659 3655 803 3744 incipere
834 3657 937 3722 donec
959 3657 1055 3721 illum
1081 3657 1191 3744 aliquo
1219 3659 1316 3724 modo
1347 3659 1512 3740 incitaret,

456 3761 510 3828 vel
539 3767 579 3827 ut
607 3761 677 3849 ipse
704 3760 740 3824 in
764 3758 913 3825 Oswiurn
940 3779 1050 3846 regem
1073 3759 1258 3847 insurgeret
1280 3761 1334 3826 vel
1364 3761 1428 3826 sibi
1459 3784 1514 3829 co·

456 3867 546 3953 piem
562 3861 794 3951 congrediendi
811 3883 885 3928 curn
914 3883 952 3928 eo
983 3861 1183 3928 concederet
1231 3863 1358 3930 Petivit
1373 3865 1474 3930 etiam
1489 3863 1516 3904 ¹⁰

455 3967 591 4034 Pesndu
628 3990 649 4032 s
687 3987 765 4054 rege
790 3965 1005 4031 Ondwullone
1021 3962 1044 4000 ¹¹
1078 3963 1249 4031 licentium
1275 3968 1513 4054 congrediendi

453 4291 458 4302 '
488 4293 613 4344 'Sanctus
625 4293 895 4360 oswalduslnmerg.
919 4293 952 4346 D.
1035 4293 1248 4364 ⁸0w1]0wy.
1282 4297 1350 4350 B.D.
1383 4298 1484 4364 possim.

484 4372 542 4438 ἐι]
562 4388 612 4423 om.
644 4373 708 4423 B.D.
1034 4377 1185 4443 πιθανὴ]
1205 4376 1336 4442 eipraern.
1369 4379 1403 4431 D.

486 4453 614 4505 'Sanctus
624 4451 762 4504 Osvsldus.
781 4451 899 4520 inmerg.
918 4454 952 4504 A.
1035 4455 1175 4522 ἀάὶοιιεοε]
1194 4458 1321 4510 adeuntes.
1357 4459 1387 4510 B.

485 4532 575 4584 *ducis
602 4531 720 4599 Piuodoe]
750 4531 872 4598 principis
904 4533 953 4584 Pe·
1032 4533 1171 4602 'Pecudoe]
1184 4536 1296 4588 Piendoe.
1307 4537 1338 4590 B.
1347 4537 1448 4589 Pendn.
1458 4538 1493 4591 D.

451 4615 532 4666 ende.
567 4613 596 4665 B.
630 4613 752 4678 principis
762 4612 865 4664 Perde.
883 4613 917 4664 Ι).
1034 4617 1052 4646 ¹⁸
1065 4615 1151 4682 edom]
1171 4623 1261 4668 sutem.
1298 4619 1331 4670 D.

483 4693 592 4760 1Ἥκω]
610 4694 687 4745 suro.
719 4693 750 4744 B.
1032 4696 1048 4726 ¹¹
1061 4711 1143 4762 crepe
1157 4694 1325 4764 Codiculloue]
1345 4709 1394 4749 om.
1428 4697 1462 4750 Ῐ).
