3656 5800
466 855 534 922 268
760 869 942 921 annocum
964 867 1213 920 sumnum

293 1064 427 1117 anaor,
463 1039 597 1108 Dicitur
626 1041 716 1130 quod
738 1041 894 1110 Sanctam
927 1041 1066 1109 Crucem
1097 1040 1339 1129 Hierosolymis
1373 1041 1513 1108 invenit

293 1131 416 1210 (lanstan-

292 1204 344 1248 tme
355 1214 408 1252 em-

290 1279 370 1330 perot.

462 1142 514 1210 De
545 1143 765 1211 Constantino
791 1143 880 1212 inter
909 1145 1123 1232 imperatores
1153 1143 1235 1210 satis
1264 1149 1379 1232 aperte
1409 1144 1515 1210 deca„

460 1267 478 1310 r
538 1269 564 1312 r.

478 1251 754 1430 ¹²¹lionstantinus,
786 1349 918 1438 quando
947 1350 989 1417 de
1020 1349 1200 1416 Britannia
1229 1371 1343 1420 versus
1366 1349 1510 1416 Romam

458 1451 636 1532 transiret‚¹
659 1454 814 1520 comitem
840 1451 1041 1540 quemdam²
1067 1451 1291 1520 Octovianum
1314 1451 1450 1518 nomine
1474 1452 1510 1516 in

460 1555 694 1621 Britanniam³
738 1555 882 1642 reliquit,
932 1554 1060 1642 sibique
1104 1553 1291 1622 custodiam
1337 1553 1510 1620 commisit.

292 1679 445 1746 Usurpsuon
461 1655 605 1738 Quidam
620 1658 709 1724 enim
724 1663 896 1746 tyrannm,
919 1657 1105 1724 vocabulo⁴
1127 1657 1328 1736 Maxentius,
1346 1656 1511 1722 Romanos

290 1747 437 1865 ἕψω·
459 1760 555 1840 oives,
571 1761 673 1828 etiam
688 1765 861 1840 senatores,
878 1759 1088 1826 exhaeredare
1102 1760 1291 1827 conabatur.
1330 1759 1511 1846 Ingruente

458 1862 547 1930 illius
576 1863 708 1930 saevitia
746 1862 962 1930 exterminati
992 1863 1036 1929 ad
1068 1861 1327 1928 Constantinum
1358 1862 1396 1926 in
1435 1862 1510 1927 Bri-

458 1966 609 2032 tanniam
634 1965 846 2054 diffugientes
881 1964 1005 2032 ibidem
1034 1963 1211 2032 honorilice
1245 1965 1388 2051 suscepti
1421 1969 1510 2034 sunt.

459 2067 530 2134 illis
558 2069 647 2134 onim
678 2067 921 2136 confluentibus
952 2067 1212 2134 Constantinum
1245 2067 1283 2132 in
1305 2067 1419 2132 odium
1450 2067 1510 2132 ad·

457 2193 571 2237 versus
608 2168 822 2259 tyrannum⁵
863 2170 1102 2248 excitaverrmt,
1136 2169 1226 2236 unde
1268 2175 1303 2236 et
1340 2168 1509 2236 dixenrnt:

457 2272 633 2360 Quousque
670 2273 892 2340 calamitatem
934 2278 1080 2339 nostram
1121 2277 1157 2338 et
1183 2272 1320 2338 exilium
1361 2279 1510 2340 nostrum

455 2376 596 2462 patieris
615 2375 859 2442 Constantine?
904 2373 955 2442 Ut
976 2375 1057 2462 quid
1081 2375 1220 2440 moraris
1252 2396 1313 2440 nos
1334 2373 1372 2440 in
1397 2374 1510 2442 natale

455 2477 560 2543 solum
586 2479 781 2544 restitueret
825 2476 876 2542 Tu
906 2477 993 2544 solus
1023 2499 1065 2542 ex
1087 2477 1301 2562 generatione
1322 2483 1435 2543 nostra
1464 2501 1507 2556 es,

456 2584 494 2644 tu
540 2579 628 2664 quod
673 2578 842 2645 amisimus
887 2577 1014 2645 nobisl'
1045 2579 1181 2645 reddere
1226 2579 1324 2658 vales,
1372 2580 1508 2668 expulso

456 2681 634 2746 Maxentio.
675 2681 890 2748 Obsecramus
911 2686 954 2760 te,
976 2681 1075 2748 redde
1097 2681 1194 2747 nobis
1213 2681 1452 2770 possesiones⁷
1473 2687 1509 2748 ot

455 2783 608 2870 conjuges
638 2787 768 2848 nostras
804 2805 878 2850 cum
908 2783 1030 2863 liberis,
1063 2783 1203 2850 Romam
1244 2806 1320 2850 cum
1361 2786 1508 2852 exercitu

456 2885 627 2952 nobiscum
653 2886 803 2973 petendo.
899 2877 902 2882 ’
1024 2872 1026 2878 ’

499 2985 584 3054 His⁸
605 2988 710 3076 igitur
736 2993 770 3055 et
796 2988 872 3054 aliis
895 2987 1056 3056 incitatus
1084 2989 1223 3055 Roma'm
1243 2989 1327 3056 adiit
1349 2989 1505 3077 illamque

454 3091 518 3156 sibi
548 3090 741 3178 subjugavit
766 3095 801 3158 et
845 3091 1056 3178 postmodum
1086 3091 1192 3158 totius
1221 3092 1337 3157 mundi
1376 3113 1506 3159 monar-

455 3193 563 3260 chiam
594 3193 747 3260 obtinuit.
794 3193 966 3260 Conduxit
996 3215 1107 3261 secum
1133 3199 1200 3260 tres
1229 3193 1410 3260 avunculos
1433 3193 1504 3262 He-

453 3295 545 3376 lena,
577 3295 762 3376 Leulinum,
802 3295 978 3376 Trahern,⁰
1013 3303 1048 3364 et
1085 3296 1237 3377 Marium,
1277 3297 1428 3384 ipsosque
1469 3299 1505 3364 in

454 3399 655 3465 senatorium
681 3398 857 3486 promovit.

500 3503 633 3568 Interea
677 3501 860 3568 insurrexit
897 3499 1058 3568 Octavius
1075 3499 1101 3539 ¹⁰
1139 3500 1210 3568 dux
1241 3500 1502 3582 (lewiseorum,¹¹

455 3608 570 3670 contra
600 3604 801 3692 dignitatem
826 3603 1018 3684 Romanam,
1046 3601 1098 3669 cui
1128 3603 1337 3669 commissum
1359 3603 1504 3670 fuerat¹²

454 3708 601 3794 regimen
624 3706 751 3774 insulm
797 3705 1038 3773 Constantinus
1060 3706 1127 3771 ista
1150 3706 1287 3772 audiens
1308 3705 1504 3794 indignatus

454 3815 504 3876 est
519 3809 623 3890 valde,
640 3814 675 3876 et
690 3809 781 3875 misit
795 3805 968 3874 Trahem⁹
982 3808 1018 3874 iu
1035 3808 1244 3874 Britanniam
1259 3806 1303 3874 ad
1327 3806 1503 3875 Octavium

453 3913 720 4001 expugnandum,
737 3934 811 3978 oum
826 3911 933 3978 tribus
956 3911 1140 3998 legionibus
1163 3915 1373 3979 armatorum
1416 3911 1504 3978 Gon·

452 4015 639 4101 gredientos
668 4020 780 4081 aulem
809 4012 945 4082 insimul
974 4015 1082 4101 primo
1112 4014 1221 4081 victus
1250 4019 1301 4080 est
1330 4013 1502 4094 Trahern,⁹

486 4265 634 4332 tymim]
664 4264 764 4315 rediret,
798 4278 884 4330 praem.
922 4259 953 4314 B.
1029 4265 1038 4292 '
1045 4263 1222 4331 pausationes]
1242 4272 1348 4315 noem
1378 4265 1434 4314 ΝΜ·
1468 4263 1500 4318 B.

452 4346 551 4396 emm
562 4353 613 4394 out,
1027 4353 1112 4422 Ἠῶ]
1133 4355 1188 4406 The
1207 4353 1288 4406 initinl
1309 4353 1331 4404 lo
1350 4352 1455 4404 omitted
1474 4353 1500 4403 ln

485 4422 636 4490 ’qmmdomJ
655 4423 786 4488 quendam.
820 4423 885 4474 B.D.
995 4435 1064 4488 ΛΑ),

485 4500 678 4566 'Bu-itonam]
697 4499 836 4592 llllfflh·
870 4499 935 4551 RD·
1025 4526 1177 4595 ’Trolem]
1198 4511 1321 4579 Treueri.
1357 4527 1389 4578 B.

485 4579 632 4648 immeo]
651 4595 758 4633 nomme.
793 4580 858 4631 BJ).
1026 4622 1044 4651 ,,
1055 4619 1188 4687 Ocmoiaa]
1208 4587 1375 4673 Omma&
1410 4615 1486 4668 RD.

486 4660 648 4727 Ulmum]
666 4660 800 4714 timum·
834 4659 866 4709 B'
900 4666 951 4724 m·
1025 4713 1040 4742 ¹¹
1056 4711 1232 4778 Gestorum]
1252 4711 1437 4777 Geffliomm·
1466 4711 1498 4764 B·

454 4757 567 4794 rannem.
602 4741 634 4793 D·

484 4821 585 4888 ‘solid
605 4837 654 4874 om.
687 4819 751 4872 B.D.
1025 4803 1151 4870 ¹¹suerot]
1170 4811 1214 4855 est.
1249 4803 1279 4856 Β.
1315 4801 1371 4852 mit
1404 4802 1438 4852 D.
