3674 5800
623 835 804 888 nnmomu
826 830 1077 886 msuosnsuu
1310 811 1376 883 107

740 1173 820 1240 ΟΑΡ.
837 1171 968 1239 CXLV.

732 1365 782 1430 Do
804 1363 977 1431 Sarmata.

373 1555 539 1622 SARMATA
573 1553 789 1620 barbarorum
823 1558 873 1620 est
895 1557 994 1634 terre,
1019 1551 1115 1640 quae¹
1140 1576 1161 1617 n
1194 1551 1306 1618 studio
1329 1573 1380 1616 ar·
1394 1555 1540 1633 QfSarma-

328 1680 457 1725 morum
488 1661 567 1724 sunt
598 1656 679 1724 dicti
712 1655 882 1736 sarmati?
915 1677 993 1724 num
1026 1655 1220 1743 putentibus
1258 1654 1381 1741 campis
1393 1629 1438 1674 ²¹⁸·

331 1761 453 1827 armati
484 1761 646 1826 incedunt
683 1763 718 1825 et
751 1757 874 1825 multas
906 1758 1091 1846 provincias
1123 1758 1274 1846 spoliant.
1330 1756 1382 1822 De

330 1864 449 1930 Gothis
486 1867 521 1930 et
556 1861 688 1930 Gibidis
719 1865 953 1950 processerunt,
978 1861 1069 1929 ethi
1092 1860 1209 1950 proelio
1232 1865 1303 1928 tum
1328 1881 1384 1949 pe-

331 1965 436 2034 destri
459 1987 560 2054 quern
582 1965 729 2054 equestri
750 1964 804 2031 usi
826 1969 914 2034 sunt

728 2277 808 2346 One.
833 2274 984 2346 CXLVI.

740 2467 792 2534 De
813 2466 982 2538 Suetonio.

379 2665 540 2731 SAonIA
569 2663 742 2752 provincio
774 2671 825 2732 est
854 2665 893 2732 in
930 2665 1115 2748 Germania,
1146 2665 1239 2754 eujus
1269 2661 1386 2730 ineolae
1400 2672 1439 2752 ⁰.f
1452 2671 1531 2724 Saxo

334 2791 377 2834 ex
408 2767 530 2834 Graecis
556 2771 792 2854 processerunt,
823 2791 903 2834 nam
933 2767 972 2834 in
1003 2769 1119 2836 multis
1143 2767 1269 2857 proeliis
1299 2755 1451 2832 uhu-¹¹¹⁸·

334 2869 447 2959 ringos
483 2871 692 2958 expluerunt,
732 2869 790 2956 qni
820 2875 901 2938 tuno
932 2894 1036 2960 usque
1081 2873 1125 2938 ud
1155 2871 1236 2938 litus
1267 2869 1389 2936 Oceani

334 2973 541 3040 habitabant.
589 2973 679 3040 Gens
724 2973 784 3038 ille
816 2997 944 3064 semper
973 2975 1039 3040 fuit
1078 2973 1241 3054 bellicoso,
1279 2973 1390 3040 audax

336 3080 457 3158 mente,
489 3075 585 3143 fortis
627 3097 772 3164 corpore,
816 3081 954 3145 stuturae
995 3099 1133 3167 magnae.
1190 3077 1252 3143 Est
1278 3081 1391 3144 eutem

336 3177 491 3259 Saxonis,
516 3179 626 3266 quood
653 3200 767 3246 omnes
797 3178 926 3246 fruetus
956 3179 1079 3246 fertilis
1109 3183 1145 3246 et
1175 3179 1279 3260 ferax,
1304 3201 1392 3244 nuno

336 3288 468 3348 montes
498 3304 587 3348 nune
609 3281 719 3370 plone,
757 3303 847 3348 nune
870 3305 999 3372 pasena,
1030 3305 1119 3349 nunc
1150 3284 1289 3365 culture,
1319 3304 1392 3369 gre·

338 3385 437 3474 gibus
467 3390 503 3452 et
542 3385 702 3452 armentis
740 3383 904 3452 foecunde.
963 3384 1007 3452 In
1045 3385 1216 3452 montibus
1245 3383 1394 3450 mineriis

339 3489 483 3567 abunde,
516 3509 595 3554 auro
627 3492 661 3554 et
690 3475 832 3575 urgento
863 3487 1030 3576 opulente,
1058 3493 1093 3554 et
1123 3509 1239 3576 cupro·
1255 3491 1290 3554 et
1321 3508 1394 3554 aere.

339 3592 402 3657 Est
426 3591 514 3657 enim
538 3591 587 3656 ibi
613 3613 708 3656 mons
734 3591 771 3656 iu
796 3612 862 3678 quo
877 3591 1080 3658 effodiuntur
1103 3591 1228 3679 lapides
1254 3590 1312 3676 qui
1327 3610 1395 3655 non

339 3693 410 3760 sine
441 3691 519 3781 igne
555 3693 736 3760 fortissimo
758 3697 837 3759 sunt
867 3694 1012 3777 resoluti,
1035 3694 1154 3781 quibus
1176 3693 1330 3760 resolutis
1359 3691 1396 3756 in

340 3798 414 3864 ueris
453 3795 700 3864 substantiam³
730 3801 979 3866 convertuntur.
1033 3795 1191 3864 Flumine
1227 3801 1307 3863 sunt
1347 3793 1396 3860 ibi

340 3901 448 3966 multu
463 3905 499 3966 et
522 3899 713 3988 peroptime
749 3899 872 3968 Fontes
895 3900 998 3968 hebet
1012 3901 1113 3968 salsos
1135 3923 1179 3966 ex
1204 3900 1325 3988 quibus
1349 3898 1398 3964 sel

341 4001 478 4069 album⁴
508 4003 669 4090 coquitur.
718 4001 816 4070 Mons
840 4007 891 4071 est
904 4001 956 4070 ibi
986 4025 1126 4092 magnus
1156 4003 1249 4091 cujus
1271 4002 1398 4090 lapides

340 4105 491 4172 redolent
516 4110 556 4172 ut
577 4105 684 4172 violae.
727 4103 782 4170 Ibi
808 4111 887 4172 sunt
913 4107 1028 4174 multae
1053 4108 1139 4189 ferae,
1163 4111 1235 4172 tum
1259 4099 1398 4172 bestiee⁶

341 4229 483 4295 rapooes,
511 4229 612 4295 quum
642 4207 823 4291 venetium
859 4209 963 4278 habet
992 4210 1145 4277 Boeeisrn
1175 4208 1219 4276 eb
1250 4207 1397 4288 Oriente,

376 4513 524 4664 :ste
543 4515 666 4648 lull·
685 4513 736 4646 ἔ·
857 4524 860 4534 '
930 4553 1239 4628 worn-2⁴1³·

344 4675 571 4810 ,urs
604 4665 687 4731 'lm
721 4673 756 4730 A·
789 4675 847 4727 ‘l'
930 4714 1045 4809 ’uo
1065 4731 1115 4770 0¹³·
1148 4715 1180 4770 ¹³³
