3656 5800
503 831 568 896 292
808 843 989 896 numurus
1011 841 1263 894 nrsrosnaura

335 1029 391 1080 'rte
402 1043 460 1096 pro·
546 1021 625 1087 Tres
654 1020 762 1088 fontes
801 1021 837 1086 in
877 1019 958 1086 urbe
985 1016 1186 1086 Wintonise¹
1216 1021 1397 1106 emmpent,
1414 1041 1554 1106 quorum

335 1096 460 1215 ffi'ff
501 1123 602 1190 rivuli
628 1123 769 1189 inuam
792 1123 830 1188 in
849 1121 941 1188 tres*
965 1121 1154 1210 portionem
1178 1121 1336 1187 emtum
1348 1145 1357 1202 ;
1381 1122 1438 1208 qui
1462 1123 1557 1190 siuet

503 1227 544 1291 de
572 1245 639 1289 uno
680 1222 882 1289 diuturniori
924 1221 996 1288 vita
1033 1219 1163 1288 fruetur
1203 1243 1264 1287 nec
1304 1223 1554 1308 superveniente

503 1329 661 1414 languore
682 1325 900 1412 grevabituu

551 1430 617 1510 Qui
640 1429 734 1494 bibet
764 1427 804 1494 de
834 1427 938 1494 altero
964 1425 1173 1494 indeficiente
1199 1425 1285 1492 same
1315 1426 1437 1513 peribit
1462 1429 1556 1495 etin

502 1532 584 1598 facie
608 1533 710 1618 ipsius
736 1531 842 1618 pellor
867 1529 1016 1608 sedebit3

547 1634 613 1716 Qui
635 1633 729 1700 bibet
751 1633 792 1698 ds
824 1633 924 1699 tertio
958 1631 1071 1698 subita
1092 1637 1199 1698 morte
1222 1631 1382 1700 morietur
1404 1655 1464 1700 nec
1485 1653 1555 1700 cor·

499 1759 562 1826 pus
584 1737 673 1804 illius
695 1735 820 1824 poterit
842 1735 954 1802 subire
977 1733 1196 1822 sepulchrum.

546 1841 688 1906 Tantam
725 1837 930 1926 ingluviem⁴
963 1837 1074 1904 vitare
1108 1838 1258 1904 volentes
1292 1839 1430 1905 diversis
1461 1844 1556 1927 tegu-

500 1942 621 2008 mentis
643 1963 716 2007 eam
739 1941 902 2008 ccerdtme
924 1941 1083 2006 nitentur.

546 2045 760 2130 Quaecunque
792 2064 870 2130 ergo
905 2043 1009 2109 moles
1040 2043 1251 2130 superposita
1284 2043 1387 2110 suerit
1418 2045 1556 2114 formam

500 2147 637 2216 alterius
659 2145 804 2234 corporis
825 2145 984 2234 recipiet;

544 2251 646 2316 Terra
679 2249 715 2314 in
746 2247 882 2336 lapides,
917 2247 1065 2336 lapides⁶
1088 2248 1124 2314 in
1158 2248 1338 2337 lympham,
1361 2250 1489 2339 lignum
1519 2251 1556 2316 in

501 2355 636 2434 cineres,
660 2352 743 2418 ciuis
765 2351 801 2416 in
823 2352 999 2439 squam,si
1022 2351 1204 2438 superjecta
1222 2352 1353 2430 fuerint,
1377 2359 1556 2420 uertentur.

547 2457 669 2524 Adhuc
691 2477 733 2520 ex
755 2455 838 2520 urbe
862 2454 987 2521 Canuti
1020 2454 1164 2520 nemoris
1197 2455 1426 2522 eliminabitur
1447 2457 1558 2544 puella

502 2565 541 2626 ut
563 2557 699 2626 medeba
723 2577 834 2624 curam
857 2557 1026 2634 adhibeat,

548 2661 631 2742 Qum
669 2665 709 2726 ut
748 2679 861 2725 omnes
899 2663 994 2725 artus
1032 2658 1163 2746 ingerit,
1197 2659 1265 2726 solo
1301 2659 1475 2727 anhelitu⁶
1490 2659 1558 2729 'suo

502 2767 611 2833 lentes
633 2766 769 2832 nocivos
791 2765 941 2832 siccabit.

547 2869 679 2934 Exinde
702 2873 742 2934 ut
774 2889 842 2934 sese
874 2865 999 2934 salubri
1022 2867 1150 2954 liquore
1173 2867 1331 2948 refecerit,
1353 2871 1498 2957 gestabit
1519 2873 1556 2938 in

502 2975 639 3038 dextera
653 2993 713 3036 sus
734 2990 852 3036 nemus
868 2969 1047 3050 Calidonia,
1070 2970 1107 3034 in
1129 2969 1264 3036 sinistra
1285 2993 1363 3038 uero
1386 2995 1554 3040 murorum

504 3074 685 3140 Londoniae
709 3071 976 3162 propugnacula;

549 3177 751 3262 Quacunque
774 3175 904 3242 incedet
925 3197 1040 3263 passus
1073 3177 1265 3263 sulphurem
1296 3177 1395 3244 faciet
1417 3179 1474 3266 qui
1497 3179 1557 3245 du·

412 3287 414 3291 ’
503 3279 580 3367 plici
602 3280 735 3346 flemma
756 3277 952 3356 fumabunt3

549 3383 676 3448 Fumus
697 3380 754 3448 ille
776 3380 937 3448 excitabit
966 3385 1103 3448 rutenos
1135 3385 1170 3448 et
1202 3381 1313 3448 cibum
1335 3383 1398 3450 sub
1421 3385 1556 3450 marinis

503 3485 663 3566 conficiet,

549 3587 742 3674 Iachrymis
764 3585 959 3652 miserandis
994 3585 1146 3652 manabit
1168 3586 1241 3674 ipsa
1264 3593 1299 3653 et
1321 3589 1461 3656 clamore
1483 3589 1574 3656 bor··

504 3691 576 3756 rido
599 3689 740 3776 replebit
763 3690 927 3770 insulam3

550 3791 734 3858 Interficiet
773 3813 846 3857 esm
884 3813 1000 3858 cervus
1038 3809 1071 3857 X.
1111 3813 1284 3873 ramorum,
1313 3815 1454 3882 quorum
1489 3811 1554 3863 1111.

503 3917 603 3961 aurea
626 3895 814 3960 diedemate
835 3893 1025 3982 gestabunt,

549 3997 617 4063 Sex
648 4019 727 4064 vero
764 3995 884 4083 reliqui
922 3997 958 4060 in
992 4017 1116 4062 cornua
1148 3997 1346 4063 bubalorum
1380 4003 1555 4066 vertentur

503 4123 578 4188 quae
592 4099 736 4166 nefando
757 4100 872 4166 sonitu
893 4105 961 4166 tres
975 4098 1100 4165 insulas
1116 4099 1299 4167 Britanniae
1314 4102 1555 4168 commovebit.⁷

536 4513 694 4580 'Winlcnid
714 4511 863 4580 Wyntonis.
898 4515 962 4566 RD.
1086 4515 1214 4584 'lapidod
1234 4525 1266 4568 et.
1283 4533 1368 4584 prtem.
1403 4519 1436 4570 D.

534 4593 616 4658 'trer]
635 4609 684 4644 cm.
718 4593 752 4644 D.
1084 4595 1223 4663 ἀήθων]
1260 4597 1393 4650 snebelitu.
1437 4601 1471 4650 A.
1511 4601 1554 4652 the

534 4671 686 4739 ψῆφοι]
705 4680 795 4738 penes
829 4673 860 4724 B.
1053 4676 1297 4740 flrstesubpnneted

534 4750 694 4818 ⁴inplum'eu]
712 4751 860 4818 ingluviem.
896 4753 931 4803 A.
1085 4754 1266 4823 ἰαιιιιουσόἑι]
1285 4759 1485 4811 commovebunt.
1519 4759 1553 4810 D.
