<?xml version="1.0" encoding="UTF-8"?>
<!DOCTYPE html PUBLIC "-//W3C//DTD XHTML 1.0 Transitional//EN"
    "http://www.w3.org/TR/xhtml1/DTD/xhtml1-transitional.dtd">
<html xmlns="http://www.w3.org/1999/xhtml" xml:lang="en" lang="en">
 <head>
  <title>
</title>
<meta http-equiv="Content-Type" content="text/html;charset=utf-8" />
  <meta name='ocr-system' content='tesseract 3.04.00' />
  <meta name='ocr-capabilities' content='ocr_page ocr_carea ocr_par ocr_line ocrx_word'/>
</head>
<body>
  <div class='ocr_page' id='page_1' title='image "./eulogiumhistori00haydgoog_0194.png"; bbox 0 0 3674 5800; ppageno 0'>
   <div class='ocr_carea' id='block_1_1' title="bbox 463 822 1212 906">
    <p class='ocr_par' dir='ltr' id='par_1_1' title="bbox 463 822 1212 906">
     <span class='ocr_line' id='line_1_1' title="bbox 463 822 1212 906; baseline 0.007 -5"><span class='ocrx_word' id='word_1_1' title='bbox 463 839 526 904; x_wconf 82' lang='lat'>106</span> <span class='ocrx_word' id='word_1_2' title='bbox 573 822 576 828; x_wconf 69' lang='grc'>’</span> <span class='ocrx_word' id='word_1_3' title='bbox 763 853 945 905; x_wconf 78' lang='lat' dir='ltr'>rumonus</span> <span class='ocrx_word' id='word_1_4' title='bbox 966 853 1212 906; x_wconf 74' lang='lat' dir='ltr'>sisrornruu.</span> 
     </span>
    </p>
   </div>
   <div class='ocr_carea' id='block_1_2' title="bbox 292 1027 1512 1150">
    <p class='ocr_par' dir='ltr' id='par_1_2' title="bbox 292 1027 1512 1150">
     <span class='ocr_line' id='line_1_2' title="bbox 292 1027 1512 1150; baseline 0.002 -60"><span class='ocrx_word' id='word_1_5' title='bbox 292 1031 424 1150; x_wconf 51' lang='lat' dir='ltr'>{iim</span> <span class='ocrx_word' id='word_1_6' title='bbox 460 1027 1373 1118; x_wconf 82' lang='lat' dir='ltr'>omnibusfruotibusettfrugibusubundsns,mult&#39;t1s</span> <span class='ocrx_word' id='word_1_7' title='bbox 1396 1028 1512 1094; x_wconf 81' lang='lat' dir='ltr'>eivita-</span> 
     </span>
    </p>
   </div>
   <div class='ocr_carea' id='block_1_3' title="bbox 459 1130 1514 2124">
    <p class='ocr_par' dir='ltr' id='par_1_3' title="bbox 459 1130 1514 2124">
     <span class='ocr_line' id='line_1_3' title="bbox 460 1130 1511 1218; baseline 0.001 -23"><span class='ocrx_word' id='word_1_8' title='bbox 460 1130 559 1212; x_wconf 86' lang='lat' dir='ltr'>tibus,</span> <span class='ocrx_word' id='word_1_9' title='bbox 584 1131 721 1218; x_wconf 81' lang='lat' dir='ltr'>oppidis,</span> <span class='ocrx_word' id='word_1_10' title='bbox 745 1132 871 1210; x_wconf 83' lang='lat' dir='ltr'>castris,</span> <span class='ocrx_word' id='word_1_11' title='bbox 893 1132 983 1199; x_wconf 85' lang='lat' dir='ltr'>villis</span> <span class='ocrx_word' id='word_1_12' title='bbox 1014 1133 1155 1214; x_wconf 83' lang='lat' dir='ltr'>munito,</span> <span class='ocrx_word' id='word_1_13' title='bbox 1179 1133 1265 1198; x_wconf 88' lang='lat' dir='ltr'>siout</span> <span class='ocrx_word' id='word_1_14' title='bbox 1297 1135 1348 1197; x_wconf 88' lang='lat' dir='ltr'>est</span> <span class='ocrx_word' id='word_1_15' title='bbox 1371 1130 1511 1217; x_wconf 78' lang='lat' dir='ltr'>Belgica,</span> 
     </span>
     <span class='ocr_line' id='line_1_4' title="bbox 461 1232 1512 1323; baseline -0.001 -25"><span class='ocrx_word' id='word_1_16' title='bbox 461 1232 611 1314; x_wconf 83' lang='lat' dir='ltr'>Belueoe,</span> <span class='ocrx_word' id='word_1_17' title='bbox 635 1233 813 1314; x_wconf 75' lang='lat' dir='ltr'>Ambisna,</span> <span class='ocrx_word' id='word_1_18' title='bbox 837 1235 1031 1315; x_wconf 68' lang='lat' dir='ltr'>serrantia,</span> <span class='ocrx_word' id='word_1_19' title='bbox 1055 1234 1216 1323; x_wconf 80' lang='lat' dir='ltr'>Torneys.</span> <span class='ocrx_word' id='word_1_20' title='bbox 1263 1234 1378 1299; x_wconf 83' lang='lat' dir='ltr'>Habet</span> <span class='ocrx_word' id='word_1_21' title='bbox 1400 1239 1512 1298; x_wconf 79' lang='lat' dir='ltr'>eutem</span> 
     </span>
     <span class='ocr_line' id='line_1_5' title="bbox 459 1334 1513 1423; baseline 0 -23"><span class='ocrx_word' id='word_1_22' title='bbox 459 1334 530 1402; x_wconf 84' lang='lat' dir='ltr'>hseo</span> <span class='ocrx_word' id='word_1_23' title='bbox 551 1336 723 1423; x_wconf 78' lang='lat' dir='ltr'>provincio</span> <span class='ocrx_word' id='word_1_24' title='bbox 753 1336 909 1404; x_wconf 86' lang='lat' dir='ltr'><strong>Rhenum</strong></span> <span class='ocrx_word' id='word_1_25' title='bbox 938 1335 1079 1404; x_wconf 89' lang='lat' dir='ltr'>fluvium</span> <span class='ocrx_word' id='word_1_26' title='bbox 1111 1336 1343 1403; x_wconf 75' lang='lat' dir='ltr'>Germanicum</span> <span class='ocrx_word' id='word_1_27' title='bbox 1373 1335 1416 1401; x_wconf 82' lang='lat' dir='ltr'>ab</span> <span class='ocrx_word' id='word_1_28' title='bbox 1440 1334 1513 1401; x_wconf 87' lang='lat' dir='ltr'>Ori·</span> 
     </span>
     <span class='ocr_line' id='line_1_6' title="bbox 459 1436 1513 1527; baseline -0.002 -24"><span class='ocrx_word' id='word_1_29' title='bbox 459 1443 545 1519; x_wconf 86' lang='lat' dir='ltr'>ente,</span> <span class='ocrx_word' id='word_1_30' title='bbox 570 1439 781 1506; x_wconf 74' lang='lat' dir='ltr'>Britanniam</span> <span class='ocrx_word' id='word_1_31' title='bbox 814 1439 976 1526; x_wconf 79' lang='lat' dir='ltr'>Majorem</span> <span class='ocrx_word' id='word_1_32' title='bbox 1008 1439 1053 1506; x_wconf 81' lang='lat' dir='ltr'>ab</span> <span class='ocrx_word' id='word_1_33' title='bbox 1085 1439 1258 1527; x_wconf 80' lang='lat' dir='ltr'>Aquilone.</span> <span class='ocrx_word' id='word_1_34' title='bbox 1305 1436 1368 1504; x_wconf 81' lang='lat' dir='ltr'>Fst</span> <span class='ocrx_word' id='word_1_35' title='bbox 1399 1443 1513 1502; x_wconf 82' lang='lat' dir='ltr'>eutem</span> 
     </span>
     <span class='ocr_line' id='line_1_7' title="bbox 460 1539 1514 1630; baseline -0.001 -23"><span class='ocrx_word' id='word_1_36' title='bbox 460 1539 583 1628; x_wconf 85' lang='lat' dir='ltr'>duplex</span> <span class='ocrx_word' id='word_1_37' title='bbox 605 1541 767 1625; x_wconf 65' lang='lat' dir='ltr'>Pioerdio„</span> <span class='ocrx_word' id='word_1_38' title='bbox 791 1543 924 1623; x_wconf 83' lang='lat' dir='ltr'>seilicet,</span> <span class='ocrx_word' id='word_1_39' title='bbox 944 1541 1111 1630; x_wconf 80' lang='lat' dir='ltr'><strong>Superior,</strong></span> <span class='ocrx_word' id='word_1_40' title='bbox 1128 1563 1202 1630; x_wconf 81' lang='lat' dir='ltr'>quae</span> <span class='ocrx_word' id='word_1_41' title='bbox 1227 1541 1345 1608; x_wconf 82' lang='lat' dir='ltr'>Gulliae</span> <span class='ocrx_word' id='word_1_42' title='bbox 1366 1545 1418 1608; x_wconf 87' lang='lat' dir='ltr'>est</span> <span class='ocrx_word' id='word_1_43' title='bbox 1439 1562 1514 1627; x_wconf 91' lang='lat' dir='ltr'>pro·</span> 
     </span>
     <span class='ocr_line' id='line_1_8' title="bbox 461 1643 1513 1732; baseline 0 -24"><span class='ocrx_word' id='word_1_44' title='bbox 461 1643 596 1730; x_wconf 75' lang='lat' dir='ltr'>pinque,</span> <span class='ocrx_word' id='word_1_45' title='bbox 629 1653 664 1712; x_wconf 84' lang='lat' dir='ltr'>et</span> <span class='ocrx_word' id='word_1_46' title='bbox 695 1645 763 1710; x_wconf 78' lang='lat' dir='ltr'>ulio</span> <span class='ocrx_word' id='word_1_47' title='bbox 794 1643 948 1725; x_wconf 87' lang='lat' dir='ltr'>Inferior,</span> <span class='ocrx_word' id='word_1_48' title='bbox 973 1667 1056 1732; x_wconf 76' lang='lat' dir='ltr'>quae</span> <span class='ocrx_word' id='word_1_49' title='bbox 1080 1645 1258 1726; x_wconf 75' lang='lat' dir='ltr'>Flundriae,</span> <span class='ocrx_word' id='word_1_50' title='bbox 1283 1643 1404 1725; x_wconf 82' lang='lat' dir='ltr'>Reoiae,</span> <span class='ocrx_word' id='word_1_51' title='bbox 1429 1643 1513 1708; x_wconf 65' lang='lat' dir='ltr'>Brsr</span> 
     </span>
     <span class='ocr_line' id='line_1_9' title="bbox 461 1745 1514 1836; baseline -0.001 -24"><span class='ocrx_word' id='word_1_52' title='bbox 461 1745 594 1826; x_wconf 76' lang='lat' dir='ltr'>bsntiae,</span> <span class='ocrx_word' id='word_1_53' title='bbox 619 1752 670 1813; x_wconf 84' lang='lat' dir='ltr'>est</span> <span class='ocrx_word' id='word_1_54' title='bbox 692 1748 857 1836; x_wconf 74' lang='lat' dir='ltr'>contigue</span> <span class='ocrx_word' id='word_1_55' title='bbox 905 1746 996 1814; x_wconf 85' lang='lat' dir='ltr'>Gens</span> <span class='ocrx_word' id='word_1_56' title='bbox 1028 1753 1171 1836; x_wconf 87' lang='lat' dir='ltr'>utraque</span> <span class='ocrx_word' id='word_1_57' title='bbox 1202 1749 1321 1814; x_wconf 79' lang='lat' dir='ltr'>decore</span> <span class='ocrx_word' id='word_1_58' title='bbox 1342 1745 1433 1822; x_wconf 76' lang='lat' dir='ltr'>isoio,</span> <span class='ocrx_word' id='word_1_59' title='bbox 1457 1745 1514 1811; x_wconf 85' lang='lat' dir='ltr'>de·</span> 
     </span>
     <span class='ocr_line' id='line_1_10' title="bbox 461 1848 1512 1938; baseline 0 -24"><span class='ocrx_word' id='word_1_60' title='bbox 461 1849 567 1914; x_wconf 88' lang='lat' dir='ltr'>oentis</span> <span class='ocrx_word' id='word_1_61' title='bbox 588 1853 733 1929; x_wconf 67' lang='lat' dir='ltr'>stature,</span> <span class='ocrx_word' id='word_1_62' title='bbox 757 1850 884 1938; x_wconf 82' lang='lat' dir='ltr'>ingenii</span> <span class='ocrx_word' id='word_1_63' title='bbox 907 1851 1037 1933; x_wconf 82' lang='lat' dir='ltr'>dociles,</span> <span class='ocrx_word' id='word_1_64' title='bbox 1052 1851 1164 1916; x_wconf 79' lang='lat' dir='ltr'>animo</span> <span class='ocrx_word' id='word_1_65' title='bbox 1186 1850 1334 1930; x_wconf 75' lang='lat' dir='ltr'>sudores,</span> <span class='ocrx_word' id='word_1_66' title='bbox 1358 1852 1393 1914; x_wconf 91' lang='lat' dir='ltr'>et</span> <span class='ocrx_word' id='word_1_67' title='bbox 1414 1848 1512 1926; x_wconf 81' lang='lat' dir='ltr'>leves,</span> 
     </span>
     <span class='ocr_line' id='line_1_11' title="bbox 460 1948 1513 2041; baseline -0.002 -24"><span class='ocrx_word' id='word_1_68' title='bbox 460 1951 649 2018; x_wconf 83' lang='lat' dir='ltr'>intellectus</span> <span class='ocrx_word' id='word_1_69' title='bbox 686 1952 776 2035; x_wconf 81' lang='lat' dir='ltr'>oleri,</span> <span class='ocrx_word' id='word_1_70' title='bbox 810 1953 948 2020; x_wconf 80' lang='lat' dir='ltr'>effectus</span> <span class='ocrx_word' id='word_1_71' title='bbox 985 1954 1041 2040; x_wconf 87' lang='lat' dir='ltr'>pii,</span> <span class='ocrx_word' id='word_1_72' title='bbox 1080 1953 1205 2022; x_wconf 85' lang='lat' dir='ltr'>idiome</span> <span class='ocrx_word' id='word_1_73' title='bbox 1237 1948 1401 2041; x_wconf 78' lang='lat' dir='ltr'>grossior¹</span> <span class='ocrx_word' id='word_1_74' title='bbox 1439 1950 1513 2016; x_wconf 78' lang='lat' dir='ltr'>eliis</span> 
     </span>
     <span class='ocr_line' id='line_1_12' title="bbox 462 2053 1149 2124; baseline 0.001 -2"><span class='ocrx_word' id='word_1_75' title='bbox 462 2053 580 2122; x_wconf 79' lang='lat' dir='ltr'>uuuae</span> <span class='ocrx_word' id='word_1_76' title='bbox 601 2055 804 2124; x_wconf 77' lang='lat' dir='ltr'>notionibus.</span> <span class='ocrx_word' id='word_1_77' title='bbox 852 2056 927 2124; x_wconf 89' lang='lat' dir='ltr'>Hoo</span> <span class='ocrx_word' id='word_1_78' title='bbox 950 2055 1149 2124; x_wconf 77' lang='lat' dir='ltr'>Herodotus</span> 
     </span>
    </p>
   </div>
   <div class='ocr_carea' id='block_1_4' title="bbox 863 2373 1112 2444">
    <p class='ocr_par' dir='ltr' id='par_1_4' title="bbox 863 2373 1112 2444">
     <span class='ocr_line' id='line_1_13' title="bbox 863 2373 1112 2444; baseline -0.004 -1"><span class='ocrx_word' id='word_1_79' title='bbox 863 2373 945 2444; x_wconf 80' lang='grc' dir='ltr'><strong>ΟΔΡ.</strong></span> <span class='ocrx_word' id='word_1_80' title='bbox 963 2375 1112 2442; x_wconf 81' lang='lat' dir='ltr'>CXLIV.</span> 
     </span>
    </p>
   </div>
   <div class='ocr_carea' id='block_1_5' title="bbox 849 2578 1133 2647">
    <p class='ocr_par' dir='ltr' id='par_1_5' title="bbox 849 2578 1133 2647">
     <span class='ocr_line' id='line_1_14' title="bbox 849 2578 1133 2647; baseline 0 0"><span class='ocrx_word' id='word_1_81' title='bbox 849 2579 900 2647; x_wconf 80' lang='lat' dir='ltr'>Do</span> <span class='ocrx_word' id='word_1_82' title='bbox 922 2578 1133 2647; x_wconf 76' lang='lat' dir='ltr'>Riuotoniu.</span> 
     </span>
    </p>
   </div>
   <div class='ocr_carea' id='block_1_6' title="bbox 297 2777 1515 2904">
    <p class='ocr_par' dir='ltr' id='par_1_6' title="bbox 297 2777 1515 2904">
     <span class='ocr_line' id='line_1_15' title="bbox 297 2777 1515 2904; baseline 0.007 -64"><span class='ocrx_word' id='word_1_83' title='bbox 297 2869 311 2904; x_wconf 76' lang='lat' dir='ltr'>e</span> <span class='ocrx_word' id='word_1_84' title='bbox 363 2782 404 2864; x_wconf 73' lang='lat' dir='ltr'>jn·</span> <span class='ocrx_word' id='word_1_85' title='bbox 508 2777 713 2848; x_wconf 72' lang='lat' dir='ltr'>Rmonoum</span> <span class='ocrx_word' id='word_1_86' title='bbox 744 2785 796 2848; x_wconf 88' lang='lat' dir='ltr'>est</span> <span class='ocrx_word' id='word_1_87' title='bbox 826 2785 917 2850; x_wconf 77' lang='lat' dir='ltr'>terre</span> <span class='ocrx_word' id='word_1_88' title='bbox 938 2782 1077 2860; x_wconf 79' lang='lat' dir='ltr'>modios,</span> <span class='ocrx_word' id='word_1_89' title='bbox 1100 2805 1121 2848; x_wconf 80' lang='lat' dir='ltr'><strong>a</strong></span> <span class='ocrx_word' id='word_1_90' title='bbox 1153 2781 1290 2849; x_wconf 82' lang='lat' dir='ltr'>oivitots</span> <span class='ocrx_word' id='word_1_91' title='bbox 1313 2781 1515 2869; x_wconf 78' lang='lat' dir='ltr'>Moguntino</span> 
     </span>
    </p>
   </div>
   <div class='ocr_carea' id='block_1_7' title="bbox 462 2881 1515 4288">
    <p class='ocr_par' dir='ltr' id='par_1_7' title="bbox 462 2881 1515 4288">
     <span class='ocr_line' id='line_1_16' title="bbox 463 2881 1515 2972; baseline 0.003 -24"><span class='ocrx_word' id='word_1_92' title='bbox 463 2884 510 2950; x_wconf 84' lang='lat' dir='ltr'>sio</span> <span class='ocrx_word' id='word_1_93' title='bbox 532 2881 630 2963; x_wconf 59' lang='lat' dir='ltr'>dictu</span> <span class='ocrx_word' id='word_1_94' title='bbox 654 2905 753 2972; x_wconf 88' lang='lat' dir='ltr'>super</span> <span class='ocrx_word' id='word_1_95' title='bbox 783 2884 891 2972; x_wconf 73' lang='lat' dir='ltr'>ripum</span> <span class='ocrx_word' id='word_1_96' title='bbox 922 2884 1031 2950; x_wconf 86' lang='lat' dir='ltr'>Rheni</span> <span class='ocrx_word' id='word_1_97' title='bbox 1064 2885 1153 2950; x_wconf 89' lang='lat' dir='ltr'>inter</span> <span class='ocrx_word' id='word_1_98' title='bbox 1181 2890 1310 2951; x_wconf 87' lang='lat' dir='ltr'>montes</span> <span class='ocrx_word' id='word_1_99' title='bbox 1339 2889 1515 2972; x_wconf 82' lang='lat' dir='ltr'>protense;</span> 
     </span>
     <span class='ocr_line' id='line_1_17' title="bbox 463 2983 1515 3056; baseline 0.003 -6"><span class='ocrx_word' id='word_1_100' title='bbox 463 2983 551 3050; x_wconf 87' lang='lat' dir='ltr'>unde</span> <span class='ocrx_word' id='word_1_101' title='bbox 574 3006 596 3050; x_wconf 82' lang='lat' dir='ltr'>s</span> <span class='ocrx_word' id='word_1_102' title='bbox 616 2985 737 3054; x_wconf 82' lang='lat' dir='ltr'>Rheno</span> <span class='ocrx_word' id='word_1_103' title='bbox 769 2986 956 3054; x_wconf 83' lang='lat' dir='ltr'>Rinohonie</span> <span class='ocrx_word' id='word_1_104' title='bbox 987 2992 1038 3054; x_wconf 88' lang='lat' dir='ltr'>est</span> <span class='ocrx_word' id='word_1_105' title='bbox 1069 2990 1197 3056; x_wconf 80' lang='lat' dir='ltr'>vooeto.</span> <span class='ocrx_word' id='word_1_106' title='bbox 1244 2987 1338 3054; x_wconf 87' lang='lat' dir='ltr'>Lioet</span> <span class='ocrx_word' id='word_1_107' title='bbox 1359 2992 1448 3055; x_wconf 77' lang='lat' dir='ltr'>terre</span> <span class='ocrx_word' id='word_1_108' title='bbox 1470 2987 1515 3053; x_wconf 89' lang='lat' dir='ltr'>sit</span> 
     </span>
     <span class='ocr_line' id='line_1_18' title="bbox 462 3085 1515 3178; baseline 0.001 -25"><span class='ocrx_word' id='word_1_109' title='bbox 462 3085 601 3166; x_wconf 75' lang='lat' dir='ltr'>modice,</span> <span class='ocrx_word' id='word_1_110' title='bbox 626 3111 670 3156; x_wconf 85' lang='lat' dir='ltr'>ex</span> <span class='ocrx_word' id='word_1_111' title='bbox 691 3094 834 3176; x_wconf 79' lang='lat' dir='ltr'>utraque</span> <span class='ocrx_word' id='word_1_112' title='bbox 857 3089 967 3156; x_wconf 88' lang='lat' dir='ltr'>Rheni</span> <span class='ocrx_word' id='word_1_113' title='bbox 989 3094 1084 3178; x_wconf 80' lang='lat' dir='ltr'>perte</span> <span class='ocrx_word' id='word_1_114' title='bbox 1107 3111 1211 3177; x_wconf 85' lang='lat' dir='ltr'>usquo</span> <span class='ocrx_word' id='word_1_115' title='bbox 1232 3089 1399 3157; x_wconf 89' lang='lat' dir='ltr'>montium</span> <span class='ocrx_word' id='word_1_116' title='bbox 1421 3111 1515 3156; x_wconf 78' lang='lat' dir='ltr'>orou-</span> 
     </span>
     <span class='ocr_line' id='line_1_19' title="bbox 462 3191 1514 3279; baseline 0.002 -23"><span class='ocrx_word' id='word_1_117' title='bbox 462 3191 554 3260; x_wconf 79' lang='lat' dir='ltr'>mino.</span> <span class='ocrx_word' id='word_1_118' title='bbox 576 3191 776 3260; x_wconf 78' lang='lat' dir='ltr'>mirabiliter</span> <span class='ocrx_word' id='word_1_119' title='bbox 797 3193 953 3260; x_wconf 76' lang='lat' dir='ltr'>foecundo</span> <span class='ocrx_word' id='word_1_120' title='bbox 975 3197 1027 3260; x_wconf 86' lang='lat' dir='ltr'>est</span> <span class='ocrx_word' id='word_1_121' title='bbox 1057 3197 1093 3260; x_wconf 89' lang='lat' dir='ltr'>ot</span> <span class='ocrx_word' id='word_1_122' title='bbox 1123 3215 1267 3273; x_wconf 73' lang='lat' dir='ltr'>ommno,</span> <span class='ocrx_word' id='word_1_123' title='bbox 1289 3193 1369 3279; x_wconf 80' lang='lat' dir='ltr'>quio</span> <span class='ocrx_word' id='word_1_124' title='bbox 1398 3193 1514 3258; x_wconf 84' lang='lat' dir='ltr'>hortus</span> 
     </span>
     <span class='ocr_line' id='line_1_20' title="bbox 463 3293 1515 3384; baseline -0.002 -22"><span class='ocrx_word' id='word_1_125' title='bbox 463 3293 707 3362; x_wconf 81' lang='lat' dir='ltr'>inaestimubilis</span> <span class='ocrx_word' id='word_1_126' title='bbox 738 3295 924 3382; x_wconf 80' lang='lat' dir='ltr'>voluptatis</span> <span class='ocrx_word' id='word_1_127' title='bbox 961 3301 1032 3362; x_wconf 85' lang='lat' dir='ltr'>tem</span> <span class='ocrx_word' id='word_1_128' title='bbox 1063 3295 1193 3362; x_wconf 89' lang='lat' dir='ltr'>duloem</span> <span class='ocrx_word' id='word_1_129' title='bbox 1214 3296 1347 3384; x_wconf 80' lang='lat' dir='ltr'>globum</span> <span class='ocrx_word' id='word_1_130' title='bbox 1379 3299 1413 3362; x_wconf 91' lang='lat' dir='ltr'>et</span> <span class='ocrx_word' id='word_1_131' title='bbox 1443 3300 1515 3360; x_wconf 85' lang='lat' dir='ltr'>tem</span> 
     </span>
     <span class='ocr_line' id='line_1_21' title="bbox 462 3396 1515 3486; baseline 0 -22"><span class='ocrx_word' id='word_1_132' title='bbox 462 3397 620 3486; x_wconf 80' lang='lat' dir='ltr'>pinguem</span> <span class='ocrx_word' id='word_1_133' title='bbox 642 3397 767 3486; x_wconf 83' lang='lat' dir='ltr'>profert</span> <span class='ocrx_word' id='word_1_134' title='bbox 789 3398 878 3485; x_wconf 92' lang='lat' dir='ltr'>quod</span> <span class='ocrx_word' id='word_1_135' title='bbox 908 3397 1036 3466; x_wconf 84' lang='lat' dir='ltr'>fructus</span> <span class='ocrx_word' id='word_1_136' title='bbox 1058 3403 1093 3464; x_wconf 89' lang='lat' dir='ltr'>et</span> <span class='ocrx_word' id='word_1_137' title='bbox 1115 3398 1226 3486; x_wconf 85' lang='lat' dir='ltr'>fruges</span> <span class='ocrx_word' id='word_1_138' title='bbox 1248 3399 1333 3464; x_wconf 83' lang='lat' dir='ltr'>miro</span> <span class='ocrx_word' id='word_1_139' title='bbox 1354 3396 1515 3465; x_wconf 87' lang='lat' dir='ltr'>foeoundi-</span> 
     </span>
     <span class='ocr_line' id='line_1_22' title="bbox 462 3501 1515 3589; baseline 0.001 -23"><span class='ocrx_word' id='word_1_140' title='bbox 462 3505 534 3567; x_wconf 82' lang='lat' dir='ltr'>tote</span> <span class='ocrx_word' id='word_1_141' title='bbox 557 3507 591 3568; x_wconf 88' lang='lat' dir='ltr'>et</span> <span class='ocrx_word' id='word_1_142' title='bbox 613 3501 780 3568; x_wconf 80' lang='lat' dir='ltr'>eeleritate</span> <span class='ocrx_word' id='word_1_143' title='bbox 803 3501 965 3589; x_wconf 79' lang='lat' dir='ltr'>producit,</span> <span class='ocrx_word' id='word_1_144' title='bbox 987 3505 1028 3567; x_wconf 91' lang='lat' dir='ltr'>ut</span> <span class='ocrx_word' id='word_1_145' title='bbox 1050 3501 1087 3566; x_wconf 89' lang='lat' dir='ltr'>in</span> <span class='ocrx_word' id='word_1_146' title='bbox 1109 3523 1177 3568; x_wconf 93' lang='lat' dir='ltr'>uno</span> <span class='ocrx_word' id='word_1_147' title='bbox 1200 3523 1281 3589; x_wconf 77' lang='lat' dir='ltr'>egro</span> <span class='ocrx_word' id='word_1_148' title='bbox 1303 3501 1436 3568; x_wconf 81' lang='lat' dir='ltr'>arbores</span> <span class='ocrx_word' id='word_1_149' title='bbox 1457 3521 1515 3588; x_wconf 91' lang='lat' dir='ltr'>po-</span> 
     </span>
     <span class='ocr_line' id='line_1_23' title="bbox 463 3603 1515 3692; baseline -0.001 -22"><span class='ocrx_word' id='word_1_150' title='bbox 463 3604 595 3672; x_wconf 79' lang='lat' dir='ltr'>miferos</span> <span class='ocrx_word' id='word_1_151' title='bbox 618 3603 741 3671; x_wconf 85' lang='lat' dir='ltr'>diversi</span> <span class='ocrx_word' id='word_1_152' title='bbox 762 3605 894 3692; x_wconf 82' lang='lat' dir='ltr'>generis</span> <span class='ocrx_word' id='word_1_153' title='bbox 916 3609 951 3670; x_wconf 88' lang='lat' dir='ltr'>et</span> <span class='ocrx_word' id='word_1_154' title='bbox 977 3626 1077 3670; x_wconf 90' lang='lat' dir='ltr'>nuoes</span> <span class='ocrx_word' id='word_1_155' title='bbox 1096 3603 1210 3692; x_wconf 82' lang='lat' dir='ltr'>gignit</span> <span class='ocrx_word' id='word_1_156' title='bbox 1232 3609 1267 3670; x_wconf 87' lang='lat' dir='ltr'>et</span> <span class='ocrx_word' id='word_1_157' title='bbox 1288 3605 1457 3692; x_wconf 81' lang='lat' dir='ltr'>porturit;</span> <span class='ocrx_word' id='word_1_158' title='bbox 1480 3607 1515 3668; x_wconf 88' lang='lat' dir='ltr'>et</span> 
     </span>
     <span class='ocr_line' id='line_1_24' title="bbox 463 3705 1515 3796; baseline -0.001 -23"><span class='ocrx_word' id='word_1_159' title='bbox 463 3712 577 3774; x_wconf 83' lang='lat' dir='ltr'>temen</span> <span class='ocrx_word' id='word_1_160' title='bbox 604 3713 740 3796; x_wconf 88' lang='lat' dir='ltr'>propter</span> <span class='ocrx_word' id='word_1_161' title='bbox 754 3711 884 3774; x_wconf 65' lang='lat' dir='ltr'>mntem</span> <span class='ocrx_word' id='word_1_162' title='bbox 896 3705 1064 3773; x_wconf 77' lang='lat' dir='ltr'>fruetuum</span> <span class='ocrx_word' id='word_1_163' title='bbox 1079 3707 1382 3773; x_wconf 73' lang='lat' dir='ltr'>multiformitatem</span> <span class='ocrx_word' id='word_1_164' title='bbox 1404 3706 1515 3793; x_wconf 76' lang='lat' dir='ltr'>fruges</span> 
     </span>
     <span class='ocr_line' id='line_1_25' title="bbox 463 3809 1515 3896; baseline -0.001 -21"><span class='ocrx_word' id='word_1_165' title='bbox 463 3831 578 3896; x_wconf 81' lang='lat' dir='ltr'>parere</span> <span class='ocrx_word' id='word_1_166' title='bbox 611 3832 679 3876; x_wconf 91' lang='lat' dir='ltr'>non</span> <span class='ocrx_word' id='word_1_167' title='bbox 710 3810 846 3877; x_wconf 86' lang='lat' dir='ltr'>omittit.</span> <span class='ocrx_word' id='word_1_168' title='bbox 891 3809 1058 3876; x_wconf 85' lang='lat' dir='ltr'>Arborum</span> <span class='ocrx_word' id='word_1_169' title='bbox 1092 3809 1267 3876; x_wconf 75' lang='lat' dir='ltr'>diversitos</span> <span class='ocrx_word' id='word_1_170' title='bbox 1298 3810 1413 3876; x_wconf 82' lang='lat' dir='ltr'>vineto</span> <span class='ocrx_word' id='word_1_171' title='bbox 1445 3831 1515 3877; x_wconf 89' lang='lat' dir='ltr'>non</span> 
     </span>
     <span class='ocr_line' id='line_1_26' title="bbox 463 3911 1514 4001; baseline 0.003 -26"><span class='ocrx_word' id='word_1_172' title='bbox 463 3911 615 3998; x_wconf 90' lang='lat' dir='ltr'>impedit,</span> <span class='ocrx_word' id='word_1_173' title='bbox 637 3913 739 3978; x_wconf 90' lang='lat' dir='ltr'>immo</span> <span class='ocrx_word' id='word_1_174' title='bbox 761 3935 848 3979; x_wconf 90' lang='lat' dir='ltr'>unus</span> <span class='ocrx_word' id='word_1_175' title='bbox 871 3916 906 3979; x_wconf 88' lang='lat' dir='ltr'>et</span> <span class='ocrx_word' id='word_1_176' title='bbox 932 3911 1021 3979; x_wconf 90' lang='lat' dir='ltr'>idem</span> <span class='ocrx_word' id='word_1_177' title='bbox 1044 3911 1170 4000; x_wconf 82' lang='lat' dir='ltr'>ugellus</span> <span class='ocrx_word' id='word_1_178' title='bbox 1199 3913 1310 4001; x_wconf 85' lang='lat' dir='ltr'>fruges</span> <span class='ocrx_word' id='word_1_179' title='bbox 1333 3913 1457 4001; x_wconf 79' lang='lat' dir='ltr'>puriter</span> <span class='ocrx_word' id='word_1_180' title='bbox 1479 3917 1514 3978; x_wconf 88' lang='lat' dir='ltr'>et</span> 
     </span>
     <span class='ocr_line' id='line_1_27' title="bbox 463 4015 1515 4104; baseline 0 -24"><span class='ocrx_word' id='word_1_181' title='bbox 463 4035 571 4098; x_wconf 75' lang='lat' dir='ltr'>nuces,</span> <span class='ocrx_word' id='word_1_182' title='bbox 593 4015 682 4097; x_wconf 81' lang='lat' dir='ltr'>vinu,</span> <span class='ocrx_word' id='word_1_183' title='bbox 698 4015 821 4097; x_wconf 81' lang='lat' dir='ltr'>oorbas,</span> <span class='ocrx_word' id='word_1_184' title='bbox 845 4037 951 4104; x_wconf 81' lang='lat' dir='ltr'>pomo,</span> <span class='ocrx_word' id='word_1_185' title='bbox 966 4016 1047 4103; x_wconf 83' lang='lat' dir='ltr'>pira,</span> <span class='ocrx_word' id='word_1_186' title='bbox 1071 4019 1107 4082; x_wconf 89' lang='lat' dir='ltr'>et</span> <span class='ocrx_word' id='word_1_187' title='bbox 1129 4015 1237 4082; x_wconf 80' lang='lat' dir='ltr'>multo</span> <span class='ocrx_word' id='word_1_188' title='bbox 1258 4016 1325 4082; x_wconf 79' lang='lat' dir='ltr'>elis</span> <span class='ocrx_word' id='word_1_189' title='bbox 1346 4017 1515 4082; x_wconf 82' lang='lat' dir='ltr'>fruetuum</span> 
     </span>
     <span class='ocr_line' id='line_1_28' title="bbox 463 4115 1515 4205; baseline 0 -23"><span class='ocrx_word' id='word_1_190' title='bbox 463 4137 584 4205; x_wconf 82' lang='lat' dir='ltr'>genero.</span> <span class='ocrx_word' id='word_1_191' title='bbox 610 4116 790 4204; x_wconf 79' lang='lat' dir='ltr'>producere</span> <span class='ocrx_word' id='word_1_192' title='bbox 822 4137 891 4186; x_wconf 89' lang='lat' dir='ltr'>non</span> <span class='ocrx_word' id='word_1_193' title='bbox 922 4117 1008 4184; x_wconf 89' lang='lat' dir='ltr'>desis</span> <span class='ocrx_word' id='word_1_194' title='bbox 1010 4119 1062 4184; x_wconf 83' lang='lat' dir='ltr'>tit</span> <span class='ocrx_word' id='word_1_195' title='bbox 1109 4118 1234 4186; x_wconf 83' lang='lat' dir='ltr'>Fontes</span> <span class='ocrx_word' id='word_1_196' title='bbox 1261 4117 1360 4185; x_wconf 85' lang='lat' dir='ltr'>oelidi</span> <span class='ocrx_word' id='word_1_197' title='bbox 1390 4115 1515 4184; x_wconf 80' lang='lat' dir='ltr'>morbis</span> 
     </span>
     <span class='ocr_line' id='line_1_29' title="bbox 463 4219 1512 4288; baseline -0.001 -3"><span class='ocrx_word' id='word_1_198' title='bbox 463 4219 655 4287; x_wconf 79' lang='lat' dir='ltr'>mortalium</span> <span class='ocrx_word' id='word_1_199' title='bbox 677 4219 887 4287; x_wconf 75' lang='lat' dir='ltr'>medicinales</span> <span class='ocrx_word' id='word_1_200' title='bbox 902 4220 952 4286; x_wconf 93' lang='lat' dir='ltr'>ibi</span> <span class='ocrx_word' id='word_1_201' title='bbox 967 4221 1009 4286; x_wconf 89' lang='lat' dir='ltr'>de</span> <span class='ocrx_word' id='word_1_202' title='bbox 1031 4225 1129 4288; x_wconf 84' lang='lat' dir='ltr'>terroe</span> <span class='ocrx_word' id='word_1_203' title='bbox 1145 4221 1329 4288; x_wconf 78' lang='lat' dir='ltr'>visceribus</span> <span class='ocrx_word' id='word_1_204' title='bbox 1353 4221 1512 4287; x_wconf 89' lang='lat' dir='ltr'>oriuntur.</span> 
     </span>
    </p>
   </div>
   <div class='ocr_carea' id='block_1_8' title="bbox 463 4321 1516 4516">
    <p class='ocr_par' dir='ltr' id='par_1_8' title="bbox 463 4321 1516 4516">
     <span class='ocr_line' id='line_1_30' title="bbox 464 4321 1516 4412; baseline 0.001 -24"><span class='ocrx_word' id='word_1_205' title='bbox 464 4321 575 4390; x_wconf 83' lang='lat' dir='ltr'>Mults</span> <span class='ocrx_word' id='word_1_206' title='bbox 597 4325 677 4389; x_wconf 87' lang='lat' dir='ltr'>sunt</span> <span class='ocrx_word' id='word_1_207' title='bbox 698 4323 765 4389; x_wconf 81' lang='lat' dir='ltr'>ulia</span> <span class='ocrx_word' id='word_1_208' title='bbox 788 4323 960 4391; x_wconf 83' lang='lat' dir='ltr'>commode</span> <span class='ocrx_word' id='word_1_209' title='bbox 982 4345 1056 4412; x_wconf 81' lang='lat' dir='ltr'>quae</span> <span class='ocrx_word' id='word_1_210' title='bbox 1071 4321 1211 4393; x_wconf 77' lang='lat' dir='ltr'>recitare</span> <span class='ocrx_word' id='word_1_211' title='bbox 1231 4346 1292 4412; x_wconf 86' lang='lat' dir='ltr'>per</span> <span class='ocrx_word' id='word_1_212' title='bbox 1315 4321 1446 4412; x_wconf 74' lang='lat' dir='ltr'>singula</span> <span class='ocrx_word' id='word_1_213' title='bbox 1467 4344 1516 4389; x_wconf 87' lang='lat' dir='ltr'>es·</span> 
     </span>
     <span class='ocr_line' id='line_1_31' title="bbox 463 4425 711 4516; baseline 0.012 -24"><span class='ocrx_word' id='word_1_214' title='bbox 463 4431 514 4494; x_wconf 83' lang='lat' dir='ltr'>set</span> <span class='ocrx_word' id='word_1_215' title='bbox 535 4425 711 4516; x_wconf 82' lang='lat' dir='ltr'>prolixum.</span> 
     </span>
    </p>
   </div>
   <div class='ocr_carea' id='block_1_9' title="bbox 0 0 1847 5800">
    <p class='ocr_par' dir='ltr' id='par_1_9' title="bbox 0 0 1847 5800">
     <span class='ocr_line' id='line_1_32' title="bbox 0 0 1847 5800; baseline 0 0"><span class='ocrx_word' id='word_1_216' title='bbox 0 0 1847 5800; x_wconf 95' lang='lat' dir='ltr'> </span> 
     </span>
    </p>
   </div>
  </div>
 </body>
</html>
