3674 5800
613 763 796 815 1111111111
817 753 1066 815 1111111111.
1323 749 1364 811 55

309 941 400 1028 regio
422 941 474 1006 est
498 940 717 1026 Assyriorum.
763 939 923 1005 Ghanaan
945 939 1033 1004 filius
1056 939 1137 1005 Cam
1163 939 1286 1004 terram
1308 939 1496 1018 choraula,

310 1043 415 1110 tinuit
444 1065 465 1107 1
496 1041 618 1108 Sidone
643 1065 747 1128 usque
778 1041 911 1124 Gazam,
938 1063 1038 1128 quam
1068 1041 1182 1106 Judaei
1212 1042 1365 1130 deinceps
1375 1023 1530 1141 {stufffflm'

310 1146 535 1234 possederrmt
560 1145 673 1230 ejectis
698 1144 903 1211 Chananaeis.
956 1143 1138 1231 Decapolis‚
1170 1143 1254 1210 sicut
1283 1145 1364 1232 legi-

311 1271 393 1326 mus,
429 1251 480 1314 est
515 1247 605 1334 regio
632 1247 744 1313 decern
773 1247 907 1312 urbium
937 1251 1030 1313 trans
1060 1245 1084 1311 J
1087 1245 1252 1326 ordenem,
1281 1247 1367 1313 circa

313 1349 463 1437 Hippum
488 1355 523 1438 et
548 1349 675 1414 Pellam
702 1352 736 1415 et
763 1347 936 1416 (iaderam.
985 1349 1084 1414 Eiula
1107 1350 1198 1436 regio
1226 1351 1278 1414 est
1306 1349 1367 1415 ubi

311 1471 429 1518 aurum
466 1451 747 1539 pretiosissimum,
784 1451 873 1537 quod
911 1451 1075 1517 Hebraico
1109 1451 1231 1517 dicitur
1268 1451 1366 1532 Zaab,

311 1560 346 1622 et
379 1577 518 1644 gemmae
553 1555 715 1641 pretiosae,
754 1553 972 1620 carbunculus
1003 1555 1259 1641 smaragdusque
1292 1575 1366 1621 nas-

312 1663 440 1725 1111111.
486 1657 614 1723 Effrata
650 1655 741 1743 regio
771 1663 822 1722 est
858 1655 1031 1722 Bethleem
1061 1657 1209 1722 civitatis
1245 1657 1366 1737 David,

311 1763 348 1826 in
374 1783 439 1847 qua
462 1765 561 1825 natus
588 1765 638 1825 est
665 1759 818 1826 Christus
830 1784 838 1840 ;
862 1765 913 1825 est
939 1761 1051 1824 autem
1077 1759 1114 1823 in
1139 1757 1231 1825 trihu
1256 1757 1279 1824 J
1281 1761 1347 1825 uda
1358 1783 1368 1841 3

312 1863 447 1951 plurimi
471 1865 592 1950 putant
615 1863 722 1949 ipsam
748 1863 785 1926 in
815 1861 909 1926 tribu
939 1859 1124 1947 Benjamin,
1149 1862 1209 1927 ubi
1239 1863 1368 1949 sepulta

313 1971 363 2032 est
384 1963 517 2046 Rachel,
538 1963 657 2050 quinto
687 1963 829 2029 miliario
859 1963 901 2029 ab
935 1961 1118 2029 Ierusalem
1147 1963 1184 2028 in
1219 1985 1257 2029 eo
1286 1965 1366 2042 loco,

313 2067 373 2156 qui
391 2092 411 2133 a
432 2067 531 2132 Lxx
549 2065 791 2154 Interpretibus
811 2069 950 2132 vocatur
970 2065 1219 2152 Hippidromus.
1266 2065 1368 2133 Elath
1407 2146 1413 2162 ἱ

312 2171 402 2258 regio
424 2177 458 2237 et
481 2169 598 2236 civitas
621 2175 671 2236 est
694 2169 792 2248 Esau,
816 2167 1015 2256 principium
1040 2167 1155 2246 Edem,
1171 2191 1192 2232 a
1213 2168 1314 2234 Petra
1334 2185 1367 2236 x

312 2270 470 2338 miliario¹
499 2277 615 2338 contra
642 2269 823 2338 Orientem.
869 2269 990 2336 Frater
1018 2271 1110 2356 regio
1139 2273 1191 2336 est
1221 2269 1368 2358 AEgypti

308 2376 409 2462 juxta
440 2373 645 2440 Ezechielem
675 2379 710 2439 et
736 2371 930 2452 Jeremiam,
955 2373 992 2436 in
1017 2395 1083 2459 qua
1112 2371 1244 2460 profugi
1273 2371 1367 2438 habi-

312 2481 471 2544 tavenmt
503 2475 622 2542 Judaei.
680 2473 813 2556 (lerata,
844 2495 888 2540 ex
918 2475 1011 2560 cujus
1035 2473 1168 2540 nomine
1200 2475 1366 2542 Gerarari-
1414 2493 1417 2500 '

312 2578 400 2646 tiea’
423 2579 522 2666 regie,
553 2581 604 2643 est
633 2581 725 2644 trans
755 2577 889 2657 Doram,
916 2576 1030 2664 procul
1051 2577 1094 2642 ab
1121 2573 1368 2665 Eleutheropcli

313 2698 394 2748 xxv,
420 2678 575 2746 1111111111θ
597 2680 642 2746 ad
664 2679 859 2761 Meridiem;
893 2683 966 2745 erat
989 2679 1077 2745 enim
1102 2677 1182 2745 olim
1204 2681 1367 2748 terminus

315 2784 578 2851 Chananaeorum
605 2781 648 2847 ad
675 2785 805 2868 partem
828 2779 1027 2860 Australem,
1060 2783 1151 2868 cujus
1177 2783 1368 2870 metropolis

315 2885 494 2953 Palaestina
517 2889 575 2950 est.
622 2881 738 2950 Gella⁴
762 2885 854 2972 regio
877 2889 928 2950 est
950 2883 1190 2972 allophilorum,
1208 2889 1243 2951 et
1264 2885 1366 2952 inter-

313 2993 465 3076 pretatur
501 2987 605 3075 nigra.
664 2986 786 3052 Gessur
818 2985 908 3074 regio
947 2993 998 3053 est
1034 2987 1293 3074 alienigenarum
1330 2987 1368 3054 in

314 3091 420 3178 Syria
468 3085 614 3156 Galilaeae
641 3087 825 3168 duaesunt,
849 3089 1010 3174 equibus
1041 3109 1109 3154 una
1132 3087 1367 3156 11σὶ1110111-

313 3195 376 3260 laea
406 3189 576 3271 Gentium,
610 3191 721 3256 vicina
746 3191 868 3254 finibus
905 3187 1089 3276 Tyriorum,
1120 3189 1180 3255 ubi
1210 3189 1367 3257 Salomon

314 3313 397 3360 xxv.
421 3293 574 3361 civitates
601 3291 740 3359 donavit
767 3291 887 3356 Hiram
903 3293 973 3378 regi
999 3287 1194 3377 Tyriorum⁵
1218 3293 1254 3357 in
1278 3297 1366 3359 sorte

314 3397 423 3464 tribus
453 3397 632 3484 Neptalim
688 3392 831 3460 Altera⁰
860 3393 999 3460 Galilaea
1034 3395 1157 3459 dicitur
1178 3395 1281 3480 juxta
1310 3395 1365 3460 Ti-

314 3500 483 3566 beriadem
518 3503 552 3564 et
586 3502 741 3584 stagnum
776 3495 982 3562 Genesareth
1011 3495 1048 3560 in
1077 3496 1169 3560 tribu
1206 3496 1364 3562 Zabulon.

317 3603 431 3668 Gemel
453 3603 544 3688 regio
567 3599 791 3666 Idumaeorum
803 3625 811 3680 ;
841 3600 926 3664 hane
951 3598 1113 3684 Sampson
1135 3599 1301 3664 destruxit
1331 3605 1366 3666 et

314 3705 414 3770 blada
442 3702 596 3770 illorum⁷
633 3703 821 3780 combussit,
858 3701 993 3788 ligando
1019 3700 1104 3766 feces
1139 3701 1292 3767 ardentes
1322 3702 1366 3768 ad

315 3807 467 3896 vulpium
496 3806 625 3882 caudas,
655 3811 690 3870 et
724 3804 791 3868 illis
821 3801 1050 3898 oberrantibus
1080 3803 1223 3889 patriam
1249 3805 1365 3871 devas-

316 3914 484 3977 tavenmt.
538 3908 688 3976 Hermon
717 3907 807 3994 regio
837 3905 1056 3972 Hebraeorum
1087 3927 1187 3992 quam
1217 3907 1366 3973 obtinuit

316 4014 421 4080 Jesua
476 4010 574 4078 Hanc
604 4009 770 4097 quondam
799 4011 979 4076 tenuerunt
1010 4007 1105 4074 Eveei
1134 4012 1169 4073 et
1194 4008 1364 4076 Amorraei.

318 4117 467 4182 Idumaea
501 4114 591 4200 regio
627 4113 725 4193 Esau,
760 4134 833 4198 quse
867 4111 910 4177 ab
940 4110 1047 4176 Edem
1081 4133 1201 4178 nomen
1231 4113 1363 4199 accepit.

351 4442 489 4508 ¹mr'b'orr'o]
507 4439 627 4491 miliario.
661 4439 693 4490 B.
889 4409 953 4487 ⁵ubi
963 4436 1109 4490 Salomon..
1122 4437 1262 4508 Tbnhmm]
1273 4455 1323 4491 om.
1330 4441 1362 4496 B.

354 4677 462 4745 Ἥρω]
481 4677 556 4730 Sena·
590 4675 622 4728 Β.
887 4664 896 4690 ⁷
908 4660 1013 4728 illorum]
1033 4661 1129 4718 eorum}
1160 4663 1191 4712 B.
