3590 5844
452 829 518 894 314
744 837 926 888 nuncciuu
950 835 1195 886 ursronuauu.

286 1038 415 1090 'luanu-
451 1039 511 1084 nec
534 1015 661 1103 quievit
683 1015 844 1101 impetum
867 1033 964 1078 suum
986 1011 1091 1076 facere
1114 1009 1217 1074 donec
1242 1007 1502 1094 quadringentos

286 1175 358 1238 Κίος

289 1243 394 1292 Anbar.

287 1106 386 1172 ‘⁰¹5⁰‘
452 1126 486 1186 et
509 1135 587 1184 Lxx.
610 1119 699 1183 viroe
722 1117 790 1182 eolo
814 1113 993 1182 Caliburno
1015 1111 1162 1200 peremit.
1220 1110 1317 1191 Quod
1351 1108 1503 1172 videntes

453 1221 605 1288 Britonee
647 1219 792 1286 densetis
832 1217 952 1284 turmis
992 1215 1087 1280 illum
1126 1217 1316 1300 sequuntur,
1354 1216 1500 1296 stragan

454 1324 599 1410 undique
621 1321 785 1388 facientea
824 1317 1133 1388 Cecideruntillico
1150 1315 1325 1402 Colgrinua
1347 1317 1381 1380 et
1404 1313 1503 1378 Bald-

455 1427 541 1492 ulfue
565 1425 666 1491 frater
688 1425 759 1509 ejus
792 1429 827 1488 et
860 1422 966 1487 multa
988 1421 1080 1486 milia
1102 1420 1265 1499 aliorum3
1287 1421 1324 1482 at
1362 1415 1499 1482 chelde-

454 1529 541 1594 ricua
564 1528 635 1592 viso
665 1526 826 1600 sociorum
851 1524 994 1612 periculo
1025 1523 1181 1590 continuo
1213 1521 1248 1584 in
1280 1515 1392 1606 fugam
1426 1539 1502 1584 cum

455 1631 581 1696 coeteris
603 1651 716 1694 versus
747 1632 804 1692 eet.

909 2000 989 2067 Cir.
1015 1997 1049 2064 L.

503 2207 581 2272 Rex
599 2205 702 2294 igitur
716 2203 844 2291 potitae
862 2201 1001 2268 victoria
1019 2201 1179 2268 Cadorem
1197 2200 1313 2266 ducem
1332 2199 1509 2268 Cornubiae

458 2311 531 2376 illos
552 2308 705 2396 prosequi
724 2307 832 2394 jueeit,
857 2306 937 2372 dum
953 2303 1043 2392 ipe0¹
1076 2303 1257 2370 Albaniam
1284 2309 1395 2390 petere
1416 2302 1510 2368 fecti-

458 2417 560 2490 naret,
578 2411 834 2496 nunciatumque
850 2409 900 2474 illi
922 2407 1032 2474 fuerat
1055 2406 1194 2484 Scottus,
1212 2407 1323 2474 Pictos
1346 2405 1510 2472 obsedisse

460 2511 605 2580 Hoelum
628 2513 664 2578 in
686 2511 768 2576 urbe
798 2511 950 2597 Alcluyd‚
978 2510 1067 2596 qua⁹
1096 2511 1205 2596 ipsum
1234 2508 1430 2596 supradixi³
1460 2507 1512 2572 in·

459 2615 625 2693 firmitate,
640 2617 835 2700 gravatum
858 2613 1007 2698 quocirca
1026 2612 1224 2698 properabat
1243 2612 1274 2676 ei
1293 2612 1331 2676 in
1350 2610 1512 2676 auxilium

459 2740 502 2782 ne
524 2739 545 2782 a
566 2715 715 2781 barbaria
745 2719 968 2800 occuparetur.
1023 2715 1105 2780 Dux
1134 2715 1247 2799 itaque
1278 2713 1455 2780 Oornubiae
1478 2729 1511 2776 x.

460 2819 593 2884 milibus
627 2817 802 2884 comitatus
832 2815 995 2904 fugientm
1024 2817 1171 2884 Saxonee
1202 2817 1350 2882 nondum
1384 2815 1513 2901 insequi

461 2920 575 2999 voluit
598 2920 701 2984 immo
723 2941 825 2986 navee
851 2941 964 2984 eorum
994 2919 1190 2986 festinanter
1218 2919 1349 3006 exigere
1370 2925 1411 2986 ut
1432 2917 1513 3006 ipsis

461 3025 644 3112 ingressum
666 3022 865 3108 prohiberet.

507 3125 588 3192 Mox
610 3130 650 3191 ut
671 3125 751 3212 ipaie
773 3125 901 3212 potitus
923 3129 975 3190 eet
996 3124 1143 3192 munivit
1168 3146 1222 3190 eea
1244 3123 1514 3211 militibuecpti-

462 3229 525 3296 mie
554 3227 614 3315 qui
643 3227 817 3294 introitum
847 3227 1049 3316 abnegarent
1081 3227 1223 3314 Paganie
1244 3228 1274 3294 ei
1296 3227 1340 3294 ed
1362 3225 1514 3294 eaedem⁴

462 3333 684 3420 confligerent.
716 3329 847 3396 Deinde
862 3330 997 3396 festinat
1011 3329 1122 3398 hostes
1136 3329 1252 3416 requi⁶
1270 3329 1429 3398 sectatos⁰
1444 3330 1515 3395 eine

463 3436 588 3522 pietate
610 3433 783 3512 trucidare,
807 3431 1062 3521 praecep[tum]⁷
1078 3433 1219 3500 Arthuri
1249 3433 1403 3500 fecturus,
1449 3433 1515 3514 Qui

464 3537 562 3603 modo
584 3534 751 3624 genuina⁸
772 3535 905 3602 feritate
928 3535 1159 3615 fulminabant,
1176 3557 1265 3602 nunc
1279 3536 1397 3604 timido
1419 3535 1515 3602 corrle

464 3639 635 3726 fugientes,
659 3637 837 3724 aliquando
871 3643 1001 3704 montes
1034 3643 1069 3706 et
1101 3661 1257 3706 cavernae
1287 3639 1446 3726 petebant
1476 3649 1516 3704 ut

463 3742 600 3808 vivendi
631 3740 774 3828 apetium
808 3739 976 3808 haberent
1038 3739 1209 3808 Postremo
1243 3763 1318 3808 cum
1351 3741 1436 3808 nihil
1469 3741 1516 3806 eie

466 3843 625 3911 tutamini
647 3843 839 3922 accessisset,
874 3843 1016 3910 insulem
1050 3843 1180 3911 Thanet
1211 3843 1355 3912 lacerato
1386 3845 1517 3932 agmine

466 3946 706 4034 ingrediuntur.
765 3946 956 4032 Insequitur
992 3967 1048 4012 ece
1080 3946 1202 4012 ibidem
1236 3949 1307 4014 dux
1341 3947 1517 4014 Comubite

465 4049 597 4114 solitam
619 4049 743 4114 caedem
764 4048 915 4127 inferens,
939 4069 1000 4114 nec
1021 4049 1185 4134 requievit
1216 4049 1319 4116 donec
1349 4055 1518 4138 perempte

468 4149 641 4216 Cheldrico
659 4157 793 4218 unctos
814 4150 977 4216 deditioni
993 4151 1151 4238 compulit
1176 4153 1315 4240 receptis
1341 4153 1517 4220 obsidibua

500 4494 586 4560 ¹ipec]
605 4493 666 4558 ipse.
704 4495 768 4545 RD.
1052 4499 1153 4565 ἐφη]
1173 4498 1278 4566 insequi.
1320 4500 1353 4550 D.

502 4574 582 4640 2ᾳιιιι]
602 4574 636 4624 in.
649 4589 734 4638 prem.
758 4573 823 4624 B.D.
1051 4579 1186 4644 ‘marcq
1205 4585 1310 4630 scenice
1344 4581 1377 4630 D.

500 4653 664 4720 ’euprcdiffl
683 4653 739 4706 dixi
756 4667 837 4718 rupta
873 4655 904 4706 D.
1051 4657 1178 4724 'prcceffl
1197 4667 1354 4722 praceptum.
1389 4659 1453 4708 BJ).

502 4731 628 4800 ‘eaedem
647 4748 696 4784 ees.
725 4733 789 4786 RD.
1050 4735 1188 4802 Ἥκω]
1207 4736 1316 4802 μυῖαι
1356 4737 1420 4788 Μ).
