<?xml version="1.0" encoding="UTF-8"?>
<!DOCTYPE html PUBLIC "-//W3C//DTD XHTML 1.0 Transitional//EN"
    "http://www.w3.org/TR/xhtml1/DTD/xhtml1-transitional.dtd">
<html xmlns="http://www.w3.org/1999/xhtml" xml:lang="en" lang="en">
 <head>
  <title>
</title>
<meta http-equiv="Content-Type" content="text/html;charset=utf-8" />
  <meta name='ocr-system' content='tesseract 3.04.00' />
  <meta name='ocr-capabilities' content='ocr_page ocr_carea ocr_par ocr_line ocrx_word'/>
</head>
<body>
  <div class='ocr_page' id='page_1' title='image "./eulogiumhistori00haydgoog_0184.png"; bbox 0 0 3674 5800; ppageno 0'>
   <div class='ocr_carea' id='block_1_1' title="bbox 463 868 1213 940">
    <p class='ocr_par' dir='ltr' id='par_1_1' title="bbox 463 868 1213 940">
     <span class='ocr_line' id='line_1_1' title="bbox 463 868 1213 940; baseline -0.003 0"><span class='ocrx_word' id='word_1_1' title='bbox 463 868 511 940; x_wconf 61' lang='lat'><strong>96</strong></span> <span class='ocrx_word' id='word_1_2' title='bbox 762 888 945 940; x_wconf 75' lang='lat' dir='ltr'><strong>numurus</strong></span> <span class='ocrx_word' id='word_1_3' title='bbox 967 886 1213 939; x_wconf 76' lang='lat' dir='ltr'><strong>ursronrsnmr</strong></span> 
     </span>
    </p>
   </div>
   <div class='ocr_carea' id='block_1_2' title="bbox 804 1172 1176 1428">
    <p class='ocr_par' dir='ltr' id='par_1_2' title="bbox 804 1172 1176 1428">
     <span class='ocr_line' id='line_1_2' title="bbox 868 1172 1120 1240; baseline -0.004 -1"><span class='ocrx_word' id='word_1_4' title='bbox 868 1172 947 1240; x_wconf 76' lang='lat' dir='ltr'><strong>Car.</strong></span> <span class='ocrx_word' id='word_1_5' title='bbox 965 1172 1120 1240; x_wconf 79' lang='lat' dir='ltr'><strong>cxxlv.</strong></span> 
     </span>
     <span class='ocr_line' id='line_1_3' title="bbox 804 1357 1176 1428; baseline -0.005 0"><span class='ocrx_word' id='word_1_6' title='bbox 804 1359 855 1428; x_wconf 84' lang='lat' dir='ltr'><strong>Da</strong></span> <span class='ocrx_word' id='word_1_7' title='bbox 877 1358 1068 1428; x_wconf 72' lang='lat' dir='ltr'><strong>Provineio</strong></span> <span class='ocrx_word' id='word_1_8' title='bbox 1088 1357 1176 1428; x_wconf 72' lang='lat' dir='ltr'><strong>Sara.</strong></span> 
     </span>
    </p>
   </div>
   <div class='ocr_carea' id='block_1_3' title="bbox 298 1548 1511 1957">
    <p class='ocr_par' dir='ltr' id='par_1_3' title="bbox 298 1548 1511 1957">
     <span class='ocr_line' id='line_1_4' title="bbox 298 1548 1511 1640; baseline 0.002 -24"><span class='ocrx_word' id='word_1_9' title='bbox 298 1561 336 1616; x_wconf 76' lang='lat' dir='ltr'><strong>or</strong></span> <span class='ocrx_word' id='word_1_10' title='bbox 349 1561 418 1616; x_wconf 73' lang='lat' dir='ltr'><strong>Sera.</strong></span> <span class='ocrx_word' id='word_1_11' title='bbox 512 1549 622 1622; x_wconf 73' lang='lat' dir='ltr'><strong>Suam</strong></span> <span class='ocrx_word' id='word_1_12' title='bbox 648 1554 704 1616; x_wconf 79' lang='lat' dir='ltr'><strong>ssi</strong></span> <span class='ocrx_word' id='word_1_13' title='bbox 736 1548 906 1636; x_wconf 80' lang='lat' dir='ltr'><strong>provincia</strong></span> <span class='ocrx_word' id='word_1_14' title='bbox 936 1549 974 1616; x_wconf 90' lang='lat' dir='ltr'><strong>in</strong></span> <span class='ocrx_word' id='word_1_15' title='bbox 996 1549 1143 1629; x_wconf 74' lang='lat' dir='ltr'><strong>Oriente,</strong></span> <span class='ocrx_word' id='word_1_16' title='bbox 1166 1571 1188 1614; x_wconf 89' lang='lat' dir='ltr'><strong>a</strong></span> <span class='ocrx_word' id='word_1_17' title='bbox 1220 1549 1364 1638; x_wconf 88' lang='lat' dir='ltr'><strong>quodam</strong></span> <span class='ocrx_word' id='word_1_18' title='bbox 1388 1553 1511 1640; x_wconf 90' lang='lat' dir='ltr'><strong>oppido</strong></span> 
     </span>
     <span class='ocr_line' id='line_1_5' title="bbox 463 1652 1510 1742; baseline 0.001 -22"><span class='ocrx_word' id='word_1_19' title='bbox 463 1654 510 1720; x_wconf 87' lang='lat' dir='ltr'><strong>sio</strong></span> <span class='ocrx_word' id='word_1_20' title='bbox 532 1653 630 1732; x_wconf 73' lang='lat' dir='ltr'><strong>dieta,</strong></span> <span class='ocrx_word' id='word_1_21' title='bbox 653 1653 711 1718; x_wconf 92' lang='lat' dir='ltr'><strong>ubi</strong></span> <span class='ocrx_word' id='word_1_22' title='bbox 743 1652 785 1718; x_wconf 89' lang='lat' dir='ltr'><strong>de</strong></span> <span class='ocrx_word' id='word_1_23' title='bbox 816 1652 988 1720; x_wconf 80' lang='lat' dir='ltr'><strong>arboribus</strong></span> <span class='ocrx_word' id='word_1_24' title='bbox 1022 1653 1100 1718; x_wconf 83' lang='lat' dir='ltr'><strong>lana</strong></span> <span class='ocrx_word' id='word_1_25' title='bbox 1131 1653 1301 1742; x_wconf 71' lang='lat' dir='ltr'>colligitur</span> <span class='ocrx_word' id='word_1_26' title='bbox 1323 1659 1358 1720; x_wconf 76' lang='lat' dir='ltr'><strong>eb</strong></span> <span class='ocrx_word' id='word_1_27' title='bbox 1389 1655 1510 1722; x_wconf 80' lang='lat' dir='ltr'><strong>exinde</strong></span> 
     </span>
     <span class='ocr_line' id='line_1_6' title="bbox 462 1755 1053 1843; baseline -0.002 -21"><span class='ocrx_word' id='word_1_28' title='bbox 462 1757 601 1823; x_wconf 80' lang='lat' dir='ltr'><strong>sericum</strong></span> <span class='ocrx_word' id='word_1_29' title='bbox 624 1760 800 1843; x_wconf 63' lang='lat' dir='ltr'><strong>operatum</strong></span> <span class='ocrx_word' id='word_1_30' title='bbox 822 1755 911 1820; x_wconf 88' lang='lat' dir='ltr'><strong>unde</strong></span> <span class='ocrx_word' id='word_1_31' title='bbox 933 1761 1053 1842; x_wconf 75' lang='lat' dir='ltr'><strong>poeia;</strong></span> 
     </span>
     <span class='ocr_line' id='line_1_7' title="bbox 620 1866 1358 1957; baseline 0.003 -22"><span class='ocrx_word' id='word_1_32' title='bbox 620 1866 786 1957; x_wconf 78' lang='lat' dir='ltr'><strong>“Ignota&#39;</strong></span> <span class='ocrx_word' id='word_1_33' title='bbox 812 1870 894 1937; x_wconf 86' lang='lat' dir='ltr'><strong>faeie</strong></span> <span class='ocrx_word' id='word_1_34' title='bbox 917 1872 975 1938; x_wconf 83' lang='lat' dir='ltr'><strong>sed</strong></span> <span class='ocrx_word' id='word_1_35' title='bbox 997 1871 1070 1939; x_wconf 74' lang='lat' dir='ltr'><strong>noti</strong></span> <span class='ocrx_word' id='word_1_36' title='bbox 1093 1872 1214 1938; x_wconf 85' lang='lat' dir='ltr'><strong>vellere</strong></span> <span class='ocrx_word' id='word_1_37' title='bbox 1238 1871 1358 1939; x_wconf 85' lang='lat' dir='ltr'><strong>Seres.”</strong></span> 
     </span>
    </p>
   </div>
   <div class='ocr_carea' id='block_1_4' title="bbox 820 2149 1108 2268">
    <p class='ocr_par' dir='ltr' id='par_1_4' title="bbox 820 2149 1108 2268">
     <span class='ocr_line' id='line_1_8' title="bbox 820 2149 1108 2268; baseline 0.01 -3"><span class='ocrx_word' id='word_1_38' title='bbox 820 2227 823 2234; x_wconf 92' lang='lat'>·</span> <span class='ocrx_word' id='word_1_39' title='bbox 876 2197 955 2264; x_wconf 69' lang='lat' dir='ltr'><strong>un.</strong></span> <span class='ocrx_word' id='word_1_40' title='bbox 972 2149 1108 2268; x_wconf 73' lang='lat' dir='ltr'><strong>cunr.</strong></span> 
     </span>
    </p>
   </div>
   <div class='ocr_carea' id='block_1_5' title="bbox 857 2387 1111 2458">
    <p class='ocr_par' dir='ltr' id='par_1_5' title="bbox 857 2387 1111 2458">
     <span class='ocr_line' id='line_1_9' title="bbox 857 2387 1111 2458; baseline 0.008 -2"><span class='ocrx_word' id='word_1_41' title='bbox 857 2389 907 2456; x_wconf 82' lang='lat' dir='ltr'><strong>Da</strong></span> <span class='ocrx_word' id='word_1_42' title='bbox 929 2387 1111 2458; x_wconf 78' lang='lat' dir='ltr'><strong>Sicba&#39;miu.</strong></span> 
     </span>
    </p>
   </div>
   <div class='ocr_carea' id='block_1_6' title="bbox 295 2580 1509 4308">
    <p class='ocr_par' dir='ltr' id='par_1_6' title="bbox 295 2580 1509 3490">
     <span class='ocr_line' id='line_1_10' title="bbox 295 2580 1507 2660; baseline -0.005 -8"><span class='ocrx_word' id='word_1_43' title='bbox 295 2597 449 2652; x_wconf 68' lang='lat' dir='ltr'><strong>Oisiehem.</strong></span> <span class='ocrx_word' id='word_1_44' title='bbox 507 2583 676 2649; x_wconf 72' lang='lat' dir='ltr'><strong>Slcflmsss</strong></span> <span class='ocrx_word' id='word_1_45' title='bbox 706 2582 836 2648; x_wconf 87' lang='lat' dir='ltr'><strong>modica</strong></span> <span class='ocrx_word' id='word_1_46' title='bbox 867 2585 958 2647; x_wconf 81' lang='lat' dir='ltr'><strong>terra</strong></span> <span class='ocrx_word' id='word_1_47' title='bbox 980 2585 1030 2646; x_wconf 79' lang='lat' dir='ltr'><strong>eni</strong></span> <span class='ocrx_word' id='word_1_48' title='bbox 1063 2582 1100 2646; x_wconf 90' lang='lat' dir='ltr'><strong>in</strong></span> <span class='ocrx_word' id='word_1_49' title='bbox 1132 2580 1290 2660; x_wconf 77' lang='lat' dir='ltr'><strong>Samaria,</strong></span> <span class='ocrx_word' id='word_1_50' title='bbox 1322 2604 1343 2647; x_wconf 90' lang='lat' dir='ltr'><strong>a</strong></span> <span class='ocrx_word' id='word_1_51' title='bbox 1377 2581 1507 2647; x_wconf 83' lang='lat' dir='ltr'><strong>Sichem</strong></span> 
     </span>
     <span class='ocr_line' id='line_1_11' title="bbox 460 2683 1508 2771; baseline 0.001 -21"><span class='ocrx_word' id='word_1_52' title='bbox 460 2685 530 2750; x_wconf 90' lang='lat' dir='ltr'><strong>filio</strong></span> <span class='ocrx_word' id='word_1_53' title='bbox 562 2685 672 2765; x_wconf 86' lang='lat' dir='ltr'><strong>Emor,</strong></span> <span class='ocrx_word' id='word_1_54' title='bbox 706 2685 764 2771; x_wconf 91' lang='lat' dir='ltr'><strong>qui</strong></span> <span class='ocrx_word' id='word_1_55' title='bbox 802 2705 875 2750; x_wconf 87' lang='lat' dir='ltr'><strong>eam</strong></span> <span class='ocrx_word' id='word_1_56' title='bbox 912 2683 1021 2770; x_wconf 89' lang='lat' dir='ltr'><strong>primo</strong></span> <span class='ocrx_word' id='word_1_57' title='bbox 1055 2683 1262 2749; x_wconf 75' lang='lat' dir='ltr'><strong>inhabitavit</strong></span> <span class='ocrx_word' id='word_1_58' title='bbox 1300 2685 1346 2750; x_wconf 85' lang='lat' dir='ltr'><strong>sie</strong></span> <span class='ocrx_word' id='word_1_59' title='bbox 1380 2688 1508 2751; x_wconf 77' lang='lat' dir='ltr'><strong>vocata.</strong></span> 
     </span>
     <span class='ocr_line' id='line_1_12' title="bbox 460 2785 1508 2874; baseline -0.001 -21"><span class='ocrx_word' id='word_1_60' title='bbox 460 2786 549 2853; x_wconf 88' lang='lat' dir='ltr'><strong>Nam</strong></span> <span class='ocrx_word' id='word_1_61' title='bbox 581 2786 712 2854; x_wconf 88' lang='lat' dir='ltr'><strong>Siehem</strong></span> <span class='ocrx_word' id='word_1_62' title='bbox 738 2787 830 2873; x_wconf 86' lang='lat' dir='ltr'><strong>prius</strong></span> <span class='ocrx_word' id='word_1_63' title='bbox 860 2785 978 2852; x_wconf 78' lang='lat' dir='ltr'><strong>dieba&#39;</strong></span> <span class='ocrx_word' id='word_1_64' title='bbox 999 2791 1113 2873; x_wconf 77' lang='lat' dir='ltr'><strong>postea</strong></span> <span class='ocrx_word' id='word_1_65' title='bbox 1144 2785 1303 2874; x_wconf 80' lang='lat' dir='ltr'><strong>Neapolis</strong></span> <span class='ocrx_word' id='word_1_66' title='bbox 1333 2787 1508 2853; x_wconf 70' lang='lat' dir='ltr'><strong>vocitatur.</strong></span> 
     </span>
     <span class='ocr_line' id='line_1_13' title="bbox 462 2887 1509 2976; baseline -0.001 -20"><span class='ocrx_word' id='word_1_67' title='bbox 462 2889 553 2970; x_wconf 73' lang='lat' dir='ltr'><strong>Haeo,</strong></span> <span class='ocrx_word' id='word_1_68' title='bbox 576 2889 688 2956; x_wconf 76' lang='lat' dir='ltr'><strong>utsii</strong></span> <span class='ocrx_word' id='word_1_69' title='bbox 711 2888 940 2974; x_wconf 79' lang='lat' dir='ltr'><strong>Hieronymus</strong></span> <span class='ocrx_word' id='word_1_70' title='bbox 962 2909 1061 2975; x_wconf 87' lang='lat' dir='ltr'><strong>super</strong></span> <span class='ocrx_word' id='word_1_71' title='bbox 1084 2887 1165 2956; x_wconf 85' lang='lat' dir='ltr'><strong>Gen</strong></span> <span class='ocrx_word' id='word_1_72' title='bbox 1189 2905 1289 2954; x_wconf 83' lang='lat' dir='ltr'><strong>xvm.</strong></span> <span class='ocrx_word' id='word_1_73' title='bbox 1312 2888 1378 2954; x_wconf 75' lang='lat' dir='ltr'><strong>fuit</strong></span> <span class='ocrx_word' id='word_1_74' title='bbox 1399 2889 1509 2976; x_wconf 77' lang='lat' dir='ltr'><strong>portio</strong></span> 
     </span>
     <span class='ocr_line' id='line_1_14' title="bbox 458 2989 1509 3079; baseline -0.002 -20"><span class='ocrx_word' id='word_1_75' title='bbox 458 2997 557 3059; x_wconf 71' lang='lat' dir='ltr'><strong>tarra</strong></span> <span class='ocrx_word' id='word_1_76' title='bbox 579 3014 680 3079; x_wconf 88' lang='lat' dir='ltr'><strong>quam</strong></span> <span class='ocrx_word' id='word_1_77' title='bbox 714 2990 820 3056; x_wconf 82' lang='lat' dir='ltr'><strong>Jacob</strong></span> <span class='ocrx_word' id='word_1_78' title='bbox 855 2989 948 3058; x_wconf 78' lang='lat' dir='ltr'><strong>dedit</strong></span> <span class='ocrx_word' id='word_1_79' title='bbox 980 2989 1051 3056; x_wconf 86' lang='lat' dir='ltr'><strong>filio</strong></span> <span class='ocrx_word' id='word_1_80' title='bbox 1083 3012 1152 3071; x_wconf 89' lang='lat' dir='ltr'><strong>su0,</strong></span> <span class='ocrx_word' id='word_1_81' title='bbox 1175 3012 1247 3077; x_wconf 74' lang='lat' dir='ltr'><strong>qua</strong></span> <span class='ocrx_word' id='word_1_82' title='bbox 1269 2990 1335 3056; x_wconf 78' lang='lat' dir='ltr'><strong>fuit</strong></span> <span class='ocrx_word' id='word_1_83' title='bbox 1357 2991 1393 3056; x_wconf 94' lang='lat' dir='ltr'><strong>in</strong></span> <span class='ocrx_word' id='word_1_84' title='bbox 1415 2991 1509 3057; x_wconf 71' lang='lat' dir='ltr'><strong>tribu</strong></span> 
     </span>
     <span class='ocr_line' id='line_1_15' title="bbox 459 3091 1507 3186; baseline -0.002 -26"><span class='ocrx_word' id='word_1_85' title='bbox 459 3093 609 3182; x_wconf 81' lang='lat' dir='ltr'><strong>Effraym</strong></span> <span class='ocrx_word' id='word_1_86' title='bbox 642 3093 702 3160; x_wconf 91' lang='lat' dir='ltr'><strong>ubi</strong></span> <span class='ocrx_word' id='word_1_87' title='bbox 735 3093 886 3180; x_wconf 78' lang='lat' dir='ltr'><strong>sepultus</strong></span> <span class='ocrx_word' id='word_1_88' title='bbox 920 3097 971 3160; x_wconf 77' lang='lat' dir='ltr'><strong>est</strong></span> <span class='ocrx_word' id='word_1_89' title='bbox 1002 3091 1026 3157; x_wconf 82' lang='lat' dir='ltr'><strong>J</strong></span> <span class='ocrx_word' id='word_1_90' title='bbox 1029 3093 1137 3180; x_wconf 87' lang='lat' dir='ltr'><strong>oseph,</strong></span> <span class='ocrx_word' id='word_1_91' title='bbox 1169 3093 1262 3179; x_wconf 87' lang='lat' dir='ltr'><strong>cujus</strong></span> <span class='ocrx_word' id='word_1_92' title='bbox 1294 3093 1507 3186; x_wconf 71' lang='lat' dir='ltr'><strong>mausolaeum</strong></span> 
     </span>
     <span class='ocr_line' id='line_1_16' title="bbox 458 3195 1509 3284; baseline -0.001 -22"><span class='ocrx_word' id='word_1_93' title='bbox 458 3219 562 3284; x_wconf 88' lang='lat' dir='ltr'><strong>usque</strong></span> <span class='ocrx_word' id='word_1_94' title='bbox 584 3195 682 3262; x_wconf 86' lang='lat' dir='ltr'><strong>hodie</strong></span> <span class='ocrx_word' id='word_1_95' title='bbox 705 3199 860 3284; x_wconf 81' lang='lat' dir='ltr'><strong>apparet3</strong></span> <span class='ocrx_word' id='word_1_96' title='bbox 892 3217 993 3284; x_wconf 89' lang='lat' dir='ltr'><strong>quam</strong></span> <span class='ocrx_word' id='word_1_97' title='bbox 1016 3199 1140 3262; x_wconf 74' lang='lat' dir='ltr'><strong>terram</strong></span> <span class='ocrx_word' id='word_1_98' title='bbox 1170 3195 1313 3283; x_wconf 84' lang='lat' dir='ltr'><strong>pecunia</strong></span> <span class='ocrx_word' id='word_1_99' title='bbox 1344 3195 1440 3283; x_wconf 82' lang='lat' dir='ltr'><strong>gravi</strong></span> <span class='ocrx_word' id='word_1_100' title='bbox 1461 3197 1509 3261; x_wconf 88' lang='lat' dir='ltr'><strong>la·</strong></span> 
     </span>
     <span class='ocr_line' id='line_1_17' title="bbox 456 3297 1507 3386; baseline -0.001 -21"><span class='ocrx_word' id='word_1_101' title='bbox 456 3299 536 3366; x_wconf 88' lang='lat' dir='ltr'><strong>bore</strong></span> <span class='ocrx_word' id='word_1_102' title='bbox 558 3297 755 3386; x_wconf 84' lang='lat' dir='ltr'><strong>aequisibam</strong></span> <span class='ocrx_word' id='word_1_103' title='bbox 784 3297 890 3364; x_wconf 72' lang='lat' dir='ltr'><strong>Jacob</strong></span> <span class='ocrx_word' id='word_1_104' title='bbox 913 3298 1125 3385; x_wconf 70' lang='lat' dir='ltr'><strong>comparavit.</strong></span> <span class='ocrx_word' id='word_1_105' title='bbox 1172 3297 1265 3364; x_wconf 75' lang='lat' dir='ltr'><strong>Emit</strong></span> <span class='ocrx_word' id='word_1_106' title='bbox 1286 3298 1376 3364; x_wconf 89' lang='lat' dir='ltr'><strong>enim</strong></span> <span class='ocrx_word' id='word_1_107' title='bbox 1398 3315 1426 3364; x_wconf 80' lang='lat' dir='ltr'><strong>c.</strong></span> <span class='ocrx_word' id='word_1_108' title='bbox 1449 3321 1507 3386; x_wconf 83' lang='lat' dir='ltr'><strong>ag·</strong></span> 
     </span>
     <span class='ocr_line' id='line_1_18' title="bbox 456 3399 1506 3490; baseline -0.003 -22"><span class='ocrx_word' id='word_1_109' title='bbox 456 3404 524 3480; x_wconf 73' lang='lat' dir='ltr'><strong>niss</strong></span> <span class='ocrx_word' id='word_1_110' title='bbox 541 3401 777 3490; x_wconf 82' lang='lat' dir='ltr'><strong>possessionem</strong></span> <span class='ocrx_word' id='word_1_111' title='bbox 809 3400 912 3468; x_wconf 87' lang='lat' dir='ltr'><strong>illam.</strong></span> <span class='ocrx_word' id='word_1_112' title='bbox 959 3400 1014 3465; x_wconf 93' lang='lat' dir='ltr'><strong>Ibi</strong></span> <span class='ocrx_word' id='word_1_113' title='bbox 1044 3400 1112 3466; x_wconf 70' lang='lat' dir='ltr'><strong>fuit</strong></span> <span class='ocrx_word' id='word_1_114' title='bbox 1145 3401 1355 3467; x_wconf 73' lang='lat' dir='ltr'><strong>terebinthus</strong></span> <span class='ocrx_word' id='word_1_115' title='bbox 1387 3399 1506 3488; x_wconf 78' lang='lat' dir='ltr'><strong>super⁸</strong></span> 
     </span>
    </p>

    <p class='ocr_par' dir='ltr' id='par_1_7' title="bbox 369 3501 1507 4308">
     <span class='ocr_line' id='line_1_19' title="bbox 369 3501 1506 3592; baseline -0.002 -21"><span class='ocrx_word' id='word_1_116' title='bbox 369 3540 373 3550; x_wconf 92' lang='lat'>·</span> <span class='ocrx_word' id='word_1_117' title='bbox 446 3515 522 3592; x_wconf 85' lang='lat' dir='ltr'><strong>&#39;quo</strong></span> <span class='ocrx_word' id='word_1_118' title='bbox 544 3505 650 3586; x_wconf 76' lang='lat' dir='ltr'><strong>Jacob</strong></span> <span class='ocrx_word' id='word_1_119' title='bbox 671 3501 847 3572; x_wconf 71' lang='lat' dir='ltr'><strong>abscondit</strong></span> <span class='ocrx_word' id='word_1_120' title='bbox 868 3503 958 3570; x_wconf 85' lang='lat' dir='ltr'><strong>idola</strong></span> <span class='ocrx_word' id='word_1_121' title='bbox 979 3503 1124 3568; x_wconf 84' lang='lat' dir='ltr'><strong>filiorum</strong></span> <span class='ocrx_word' id='word_1_122' title='bbox 1147 3525 1290 3584; x_wconf 88' lang='lat' dir='ltr'><strong>suorum,</strong></span> <span class='ocrx_word' id='word_1_123' title='bbox 1305 3509 1340 3569; x_wconf 79' lang='lat' dir='ltr'><strong>ei</strong></span> <span class='ocrx_word' id='word_1_124' title='bbox 1360 3509 1443 3569; x_wconf 75' lang='lat' dir='ltr'><strong>tune</strong></span> <span class='ocrx_word' id='word_1_125' title='bbox 1465 3504 1506 3569; x_wconf 93' lang='lat' dir='ltr'><strong>de</strong></span> 
     </span>
     <span class='ocr_line' id='line_1_20' title="bbox 456 3605 1506 3694; baseline -0.005 -17"><span class='ocrx_word' id='word_1_126' title='bbox 456 3605 631 3677; x_wconf 80' lang='lat' dir='ltr'><strong>Siebinia⁴</strong></span> <span class='ocrx_word' id='word_1_127' title='bbox 651 3605 801 3673; x_wconf 71' lang='lat' dir='ltr'><strong>aseendii</strong></span> <span class='ocrx_word' id='word_1_128' title='bbox 832 3605 870 3670; x_wconf 90' lang='lat' dir='ltr'><strong>in</strong></span> <span class='ocrx_word' id='word_1_129' title='bbox 903 3605 1029 3670; x_wconf 77' lang='lat' dir='ltr'><strong>Lunam</strong></span> <span class='ocrx_word' id='word_1_130' title='bbox 1051 3611 1267 3694; x_wconf 78' lang='lat' dir='ltr'><strong>cognomento</strong></span> <span class='ocrx_word' id='word_1_131' title='bbox 1291 3605 1417 3672; x_wconf 75' lang='lat' dir='ltr'><strong>Bebhel</strong></span> <span class='ocrx_word' id='word_1_132' title='bbox 1463 3608 1506 3672; x_wconf 91' lang='lat' dir='ltr'><strong>In</strong></span> 
     </span>
     <span class='ocr_line' id='line_1_21' title="bbox 456 3707 1505 3798; baseline -0.002 -23"><span class='ocrx_word' id='word_1_133' title='bbox 456 3711 518 3776; x_wconf 86' lang='lat' dir='ltr'><strong>hoo</strong></span> <span class='ocrx_word' id='word_1_134' title='bbox 539 3711 612 3778; x_wconf 82' lang='lat' dir='ltr'><strong>loeo</strong></span> <span class='ocrx_word' id='word_1_135' title='bbox 634 3709 814 3798; x_wconf 77' lang='lat' dir='ltr'><strong>pascebant</strong></span> <span class='ocrx_word' id='word_1_136' title='bbox 828 3707 947 3774; x_wconf 75' lang='lat' dir='ltr'><strong>fraires</strong></span> <span class='ocrx_word' id='word_1_137' title='bbox 970 3707 1095 3794; x_wconf 84' lang='lat' dir='ltr'><strong>Joseph</strong></span> <span class='ocrx_word' id='word_1_138' title='bbox 1113 3729 1234 3796; x_wconf 83' lang='lat' dir='ltr'><strong>greges</strong></span> <span class='ocrx_word' id='word_1_139' title='bbox 1248 3729 1345 3788; x_wconf 86' lang='lat' dir='ltr'><strong>suos;</strong></span> <span class='ocrx_word' id='word_1_140' title='bbox 1367 3708 1417 3774; x_wconf 90' lang='lat' dir='ltr'><strong>ibi</strong></span> <span class='ocrx_word' id='word_1_141' title='bbox 1436 3729 1505 3775; x_wconf 89' lang='lat' dir='ltr'><strong>non</strong></span> 
     </span>
     <span class='ocr_line' id='line_1_22' title="bbox 456 3809 1507 3898; baseline -0.002 -20"><span class='ocrx_word' id='word_1_142' title='bbox 456 3812 588 3878; x_wconf 77' lang='lat' dir='ltr'><strong>invenit</strong></span> <span class='ocrx_word' id='word_1_143' title='bbox 610 3833 665 3876; x_wconf 86' lang='lat' dir='ltr'><strong>eos</strong></span> <span class='ocrx_word' id='word_1_144' title='bbox 695 3810 821 3898; x_wconf 85' lang='lat' dir='ltr'><strong>Joseph</strong></span> <span class='ocrx_word' id='word_1_145' title='bbox 855 3810 913 3876; x_wconf 87' lang='lat' dir='ltr'><strong>sed</strong></span> <span class='ocrx_word' id='word_1_146' title='bbox 945 3810 983 3876; x_wconf 90' lang='lat' dir='ltr'><strong>in</strong></span> <span class='ocrx_word' id='word_1_147' title='bbox 1005 3809 1162 3896; x_wconf 80' lang='lat' dir='ltr'><strong>Dobaym,</strong></span> <span class='ocrx_word' id='word_1_148' title='bbox 1185 3809 1244 3876; x_wconf 91' lang='lat' dir='ltr'><strong>ubi</strong></span> <span class='ocrx_word' id='word_1_149' title='bbox 1277 3813 1386 3898; x_wconf 87' lang='lat' dir='ltr'><strong>ipsum</strong></span> <span class='ocrx_word' id='word_1_150' title='bbox 1408 3812 1507 3898; x_wconf 87' lang='lat' dir='ltr'><strong>spoli·</strong></span> 
     </span>
     <span class='ocr_line' id='line_1_23' title="bbox 455 3911 1507 4000; baseline -0.002 -20"><span class='ocrx_word' id='word_1_151' title='bbox 455 3918 551 3980; x_wconf 82' lang='lat' dir='ltr'><strong>anias</strong></span> <span class='ocrx_word' id='word_1_152' title='bbox 582 3913 751 4000; x_wconf 79' lang='lat' dir='ltr'><strong>AEgyptiis</strong></span> <span class='ocrx_word' id='word_1_153' title='bbox 784 3911 1016 3979; x_wconf 74' lang='lat' dir='ltr'><strong>vendiderunb</strong></span> <span class='ocrx_word' id='word_1_154' title='bbox 1061 3911 1257 3978; x_wconf 84' lang='lat' dir='ltr'><strong>Abimaleeh</strong></span> <span class='ocrx_word' id='word_1_155' title='bbox 1290 3913 1380 3978; x_wconf 85' lang='lat' dir='ltr'><strong>filius</strong></span> <span class='ocrx_word' id='word_1_156' title='bbox 1411 3913 1507 3978; x_wconf 67' lang='lat' dir='ltr'><strong>«lerou</strong></span> 
     </span>
     <span class='ocr_line' id='line_1_24' title="bbox 455 4013 1505 4086; baseline -0.007 0"><span class='ocrx_word' id='word_1_157' title='bbox 455 4017 554 4086; x_wconf 90' lang='lat' dir='ltr'><strong>boam</strong></span> <span class='ocrx_word' id='word_1_158' title='bbox 576 4014 758 4082; x_wconf 84' lang='lat' dir='ltr'><strong>Siohiniam</strong></span> <span class='ocrx_word' id='word_1_159' title='bbox 781 4015 957 4080; x_wconf 52' lang='lat' dir='ltr'><strong>destruxit„</strong></span> <span class='ocrx_word' id='word_1_160' title='bbox 1004 4013 1047 4080; x_wconf 93' lang='lat' dir='ltr'><strong>In</strong></span> <span class='ocrx_word' id='word_1_161' title='bbox 1069 4013 1132 4079; x_wconf 84' lang='lat' dir='ltr'><strong>hoo</strong></span> <span class='ocrx_word' id='word_1_162' title='bbox 1153 4015 1323 4080; x_wconf 71' lang='lat' dir='ltr'><strong>territorio</strong></span> <span class='ocrx_word' id='word_1_163' title='bbox 1346 4014 1411 4080; x_wconf 73' lang='lat' dir='ltr'><strong>fuit</strong></span> <span class='ocrx_word' id='word_1_164' title='bbox 1432 4014 1505 4080; x_wconf 83' lang='lat' dir='ltr'><strong>sons</strong></span> 
     </span>
     <span class='ocr_line' id='line_1_25' title="bbox 455 4117 1503 4204; baseline -0.002 -20"><span class='ocrx_word' id='word_1_165' title='bbox 455 4118 572 4200; x_wconf 79' lang='lat' dir='ltr'><strong>Jacob,</strong></span> <span class='ocrx_word' id='word_1_166' title='bbox 580 4118 682 4204; x_wconf 73' lang='lat' dir='ltr'><strong>juxta</strong></span> <span class='ocrx_word' id='word_1_167' title='bbox 704 4139 802 4203; x_wconf 87' lang='lat' dir='ltr'><strong>quem</strong></span> <span class='ocrx_word' id='word_1_168' title='bbox 818 4117 983 4182; x_wconf 89' lang='lat' dir='ltr'><strong>Dominus</strong></span> <span class='ocrx_word' id='word_1_169' title='bbox 1004 4117 1109 4182; x_wconf 76' lang='lat' dir='ltr'><strong>fossus</strong></span> <span class='ocrx_word' id='word_1_170' title='bbox 1132 4137 1175 4182; x_wconf 85' lang='lat' dir='ltr'><strong>ex</strong></span> <span class='ocrx_word' id='word_1_171' title='bbox 1191 4117 1310 4184; x_wconf 73' lang='lat' dir='ltr'><strong>itinere</strong></span> <span class='ocrx_word' id='word_1_172' title='bbox 1332 4117 1503 4203; x_wconf 79' lang='lat' dir='ltr'><strong>requievit,</strong></span> 
     </span>
     <span class='ocr_line' id='line_1_26' title="bbox 455 4215 1505 4308; baseline -0.001 -21"><span class='ocrx_word' id='word_1_173' title='bbox 455 4227 490 4306; x_wconf 77' lang='lat' dir='ltr'><strong>et</strong></span> <span class='ocrx_word' id='word_1_174' title='bbox 512 4225 628 4308; x_wconf 76' lang='lat' dir='ltr'><strong>potum</strong></span> <span class='ocrx_word' id='word_1_175' title='bbox 652 4219 693 4285; x_wconf 89' lang='lat' dir='ltr'><strong>de</strong></span> <span class='ocrx_word' id='word_1_176' title='bbox 716 4217 799 4285; x_wconf 75' lang='lat' dir='ltr'><strong>illo⁵</strong></span> <span class='ocrx_word' id='word_1_177' title='bbox 820 4219 912 4286; x_wconf 68' lang='lat' dir='ltr'><strong>fonte</strong></span> <span class='ocrx_word' id='word_1_178' title='bbox 934 4242 955 4286; x_wconf 91' lang='lat' dir='ltr'><strong>a</strong></span> <span class='ocrx_word' id='word_1_179' title='bbox 976 4215 1137 4286; x_wconf 78' lang='lat' dir='ltr'><strong>muliere⁰</strong></span> <span class='ocrx_word' id='word_1_180' title='bbox 1160 4219 1353 4306; x_wconf 73' lang='lat' dir='ltr'><strong>postulavit,</strong></span> <span class='ocrx_word' id='word_1_181' title='bbox 1377 4225 1412 4286; x_wconf 80' lang='lat' dir='ltr'><strong>et</strong></span> <span class='ocrx_word' id='word_1_182' title='bbox 1434 4241 1505 4286; x_wconf 88' lang='lat' dir='ltr'><strong>mu-</strong></span> 
     </span>
    </p>
   </div>
   <div class='ocr_carea' id='block_1_7' title="bbox 490 4535 1398 4632">
    <p class='ocr_par' dir='ltr' id='par_1_8' title="bbox 490 4535 1398 4632">
     <span class='ocr_line' id='line_1_27' title="bbox 490 4535 1398 4632; baseline -0.002 -16"><span class='ocrx_word' id='word_1_183' title='bbox 490 4565 619 4632; x_wconf 59' lang='lat' dir='ltr'><strong>mana]</strong></span> <span class='ocrx_word' id='word_1_184' title='bbox 655 4563 711 4615; x_wconf 72' lang='lat' dir='ltr'><strong>une</strong></span> <span class='ocrx_word' id='word_1_185' title='bbox 731 4570 757 4614; x_wconf 82' lang='lat' dir='ltr'><strong>a</strong></span> <span class='ocrx_word' id='word_1_186' title='bbox 779 4563 801 4613; x_wconf 79' lang='lat' dir='ltr'><strong>a</strong></span> <span class='ocrx_word' id='word_1_187' title='bbox 820 4562 955 4614; x_wconf 62' lang='lat' dir='ltr'><strong>aarum</strong></span> <span class='ocrx_word' id='word_1_188' title='bbox 1037 4564 1186 4631; x_wconf 59' lang='lat' dir='ltr'><strong>«araurem</strong></span> <span class='ocrx_word' id='word_1_189' title='bbox 1205 4535 1333 4631; x_wconf 67' lang='lat' dir='ltr'><strong>sy&#39;auma.</strong></span> <span class='ocrx_word' id='word_1_190' title='bbox 1367 4561 1398 4614; x_wconf 81' lang='lat' dir='ltr'><strong>n</strong></span> 
     </span>
    </p>
   </div>
   <div class='ocr_carea' id='block_1_8' title="bbox 455 4646 1488 4868">
    <p class='ocr_par' dir='ltr' id='par_1_9' title="bbox 455 4646 1488 4868">
     <span class='ocr_line' id='line_1_28' title="bbox 455 4646 1245 4774; baseline -0.008 -35"><span class='ocrx_word' id='word_1_191' title='bbox 455 4646 527 4774; x_wconf 62' lang='lat' dir='ltr'>¹⁰‚Ad&#39;</span> <span class='ocrx_word' id='word_1_192' title='bbox 1037 4681 1110 4748; x_wconf 66' lang='lat'><strong>‘51101</strong></span> <span class='ocrx_word' id='word_1_193' title='bbox 1129 4697 1177 4732; x_wconf 89' lang='lat' dir='ltr'><strong>om.</strong></span> <span class='ocrx_word' id='word_1_194' title='bbox 1211 4682 1245 4733; x_wconf 90' lang='lat' dir='ltr'><strong>B.</strong></span> 
     </span>
     <span class='ocr_line' id='line_1_29' title="bbox 525 4723 809 4790; baseline -0.007 -16"><span class='ocrx_word' id='word_1_195' title='bbox 525 4724 589 4790; x_wconf 74' lang='lat' dir='ltr'><strong>autu]</strong></span> <span class='ocrx_word' id='word_1_196' title='bbox 607 4729 652 4778; x_wconf 67' lang='lat' dir='ltr'><strong>esi.</strong></span> <span class='ocrx_word' id='word_1_197' title='bbox 670 4725 726 4776; x_wconf 80' lang='lat' dir='ltr'><strong>odd.</strong></span> <span class='ocrx_word' id='word_1_198' title='bbox 743 4723 809 4774; x_wconf 89' lang='lat' dir='ltr'>B.D.</span> 
     </span>
     <span class='ocr_line' id='line_1_30' title="bbox 488 4797 1488 4868; baseline -0.008 -14"><span class='ocrx_word' id='word_1_199' title='bbox 488 4803 593 4868; x_wconf 66' lang='grc' dir='ltr'>ἀρετ]</span> <span class='ocrx_word' id='word_1_200' title='bbox 612 4804 665 4854; x_wconf 75' lang='lat' dir='ltr'><strong>sub.</strong></span> <span class='ocrx_word' id='word_1_201' title='bbox 700 4801 764 4856; x_wconf 82' lang='lat' dir='ltr'>BJ).</span> <span class='ocrx_word' id='word_1_202' title='bbox 1036 4797 1195 4864; x_wconf 59' lang='lat' dir='ltr'><strong>&#39;ammiud</strong></span> <span class='ocrx_word' id='word_1_203' title='bbox 1213 4797 1423 4851; x_wconf 80' lang='lat' dir='ltr'><strong>abillamuliere.</strong></span> <span class='ocrx_word' id='word_1_204' title='bbox 1457 4798 1488 4846; x_wconf 89' lang='lat' dir='ltr'><strong>B.</strong></span> 
     </span>
    </p>
   </div>
   <div class='ocr_carea' id='block_1_9' title="bbox 0 0 1842 5800">
    <p class='ocr_par' dir='ltr' id='par_1_10' title="bbox 0 0 1842 5800">
     <span class='ocr_line' id='line_1_31' title="bbox 0 0 1842 5800; baseline 0 0"><span class='ocrx_word' id='word_1_205' title='bbox 0 0 1842 5800; x_wconf 95' lang='lat' dir='ltr'><strong> </strong></span> 
     </span>
    </p>
   </div>
  </div>
 </body>
</html>
