3656 5800
482 851 547 918 222
686 903 692 914 .
780 865 963 920 amomon
985 867 1236 918 maronmnuu

481 1063 553 1108 eam
582 1040 691 1108 voluit
719 1041 921 1130 desponsare.
979 1042 1148 1110 Oorinaeus
1178 1062 1257 1108 vcro
1297 1040 1364 1108 ista
1394 1039 1531 1108 audiens

480 1147 627 1232 perrexit
653 1145 696 1212 cd
725 1167 836 1234 regem
869 1145 1046 1212 Locrinum
1077 1151 1112 1212 et
1141 1145 1250 1232 ipsum
1275 1145 1311 1210 in
1341 1143 1394 1209 his
1419 1143 1531 1209 verbis

477 1249 688 1336 aggreditur:
729 1247 758 1314 Ο
801 1246 934 1334 inique¹
978 1247 1219 1329 hominum,10
1249 1247 1389 1334 ingrate,
1431 1269 1531 1333 quem

477 1351 651 1438 pessimam
681 1351 976 1420 remunerationem
1000 1351 1083 1417 mihi
1119 1348 1281 1416 redditie²
1304 1371 1363 1437 pro
1385 1355 1438 1415 tot
1460 1350 1530 1436 pla·

478 1454 537 1540 gis,
567 1453 768 1534 verberibus,
798 1453 992 1520 vulneribus
1030 1453 1113 1518 mihi
1142 1453 1308 1539 impositis
1345 1473 1405 1539 pro
1435 1457 1529 1538 patre

482 1560 592 1622 tuost
614 1561 733 1642 prote,
760 1579 835 1622 cum
858 1557 938 1622 olim
963 1555 1047 1622 mihi
1073 1557 1272 1642 promissum
1296 1555 1402 1620 fulta
1423 1554 1532 1641 putre³

478 1664 547 1742 tuo,
570 1665 605 1726 te
627 1659 730 1724 filiam
753 1681 860 1726 meam
890 1660 1123 1746 desponsasset
1161 1659 1206 1724 Et
1227 1679 1316 1724 nunc
1338 1661 1529 1724 extraneam

478 1761 530 1828 vis
560 1763 761 1830 conduceret
814 1762 900 1828 Vere
932 1763 1034 1848 juxta
1070 1761 1268 1828 demeritum
1305 1765 1403 1826 tuum
1441 1761 1530 1826 vices

478 1863 542 1930 tibi
567 1867 754 1952 rependam.
816 1865 862 1932 Et
893 1864 1024 1932 elevans
1060 1886 1165 1931 unum
1195 1885 1352 1952 magnum
1381 1863 1530 1944 secruim,

477 1989 575 2054 quem
605 1969 641 2034 in
670 1991 773 2035 manu
795 1968 912 2034 solitus
935 1973 1006 2034 erat
1030 1973 1169 2054 gestare,
1186 1972 1287 2054 caput
1307 1988 1403 2032 suum
1429 1988 1531 2052 usque

477 2072 520 2136 ad
544 2072 691 2158 spatulas
713 2071 822 2138 voluit
846 2092 979 2136 secasse.
1019 2070 1133 2136 Puellc
1149 2091 1227 2136 vero
1251 2069 1398 2136 Estrilda
1418 2090 1530 2156 pacem

477 2175 565 2240 inter
596 2196 651 2240 eos
678 2174 879 2240 reformavit.
925 2172 1016 2238 Talis
1045 2173 1111 2240 fuit
1136 2173 1226 2238 inter
1251 2195 1306 2238 eos
1336 2172 1424 2258 pacis
1454 2193 1531 2236 con-

476 2277 600 2356 ventio,
617 2278 705 2363 quod
734 2300 795 2343 rex
822 2276 981 2342 Locrinus
1003 2275 1107 2341 filiam
1131 2274 1275 2343 Ocrincei
1298 2275 1531 2360 desponsaret;

476 2381 564 2466 quod
587 2385 622 2445 et
648 2379 774 2444 fectum
801 2382 859 2446 est.
906 2376 993 2444 Filia
1031 2377 1175 2444 Oorineei
1195 2375 1414 2442 Gwentolen⁴
1436 2399 1530 2442 voea-

476 2482 584 2548 batur.
645 2481 718 2548 Rex
747 2485 862 2548 autem
901 2479 1109 2547 Estrildam⁵
1139 2481 1239 2546 nimis
1269 2480 1450 2558 dilexerat3
1473 2479 1531 2566 qui

474 2584 553 2652 fecit
583 2585 614 2649 ei
645 2584 780 2651 domum
810 2585 847 2650 in
877 2583 1090 2650 subterraneo
1120 2589 1155 2649 et
1185 2584 1233 2649 ibi
1272 2579 1336 2648 ea⁶
1358 2582 1529 2648 fruebatur

474 2687 517 2753 ad
546 2687 686 2754 libitum
734 2687 858 2754 Genuit
881 2686 971 2753 enim
1001 2709 1043 2754 ex
1070 2707 1109 2752 ea
1138 2685 1242 2752 filiam
1276 2684 1528 2772 pulcherrimam

476 2789 625 2856 nomini⁷
653 2788 801 2854 Habran.

520 2892 671 2960 Oorinoeo
693 2892 798 2980 igitur
824 2891 976 2958 debitum
1000 2893 1158 2970 solvente
1186 2913 1247 2957 rex
1277 2890 1436 2958 Locrinus
1467 2891 1527 2956 Es·

474 2995 609 3062 trildam
638 2993 808 3082 reginam³
841 2997 1020 3076 coronavit,
1048 3015 1186 3062 uxorem
1222 2996 1387 3082 propriam
1418 2994 1528 3060 Guen-

474 3098 626 3166 dolonem
651 3099 785 3164 omnino
810 3097 983 3166 recusavit
1033 3098 1229 3166 Guendolen
1250 3099 1288 3162 in
1309 3103 1433 3164 terram
1455 3120 1530 3185 pro·-

473 3198 601 3289 priam⁹
630 3201 771 3280 secessit,
803 3204 838 3267 et
867 3203 1050 3268 exercitum
1086 3201 1228 3288 collegit,
1260 3205 1295 3266 et
1325 3205 1441 3266 contra
1471 3199 1528 3266 do·

473 3303 600 3370 minum
626 3327 723 3370 suum
752 3304 931 3370 Lucrinum
957 3305 993 3370 in
1022 3325 1170 3391 pugnam
1200 3303 1381 3370 festinavit.
1430 3303 1526 3369 Gom·

473 3407 571 3474 misso
593 3408 717 3494 proelio,
748 3407 889 3474 victoria
920 3407 1144 3473 Guendolenae
1173 3406 1341 3472 remansit.
1388 3405 1461 3471 Rex
1490 3405 1527 3470 in

473 3509 559 3576 bello
589 3511 755 3576 occiditur.
795 3509 923 3596 Regius
938 3510 1180 3597 triumphavit3
1212 3531 1286 3595 quae
1310 3508 1491 3574 Estrildcm
1501 3505 1527 3544 ¹⁰

473 3616 603 3700 capiens
626 3636 700 3678 cum
722 3614 792 3678 filie
813 3635 873 3678 sua
899 3612 1038 3690 Hebron
1060 3613 1173 3699 ligatis
1199 3613 1351 3678 manibus
1379 3617 1414 3676 et
1436 3611 1526 3699 pcdi-

473 3718 544 3801 bus,
575 3719 610 3784 in
639 3717 698 3784 illo
723 3717 860 3783 flumine
891 3717 980 3804 quod
993 3715 1016 3754 ¹¹
1049 3721 1100 3782 est
1129 3716 1218 3782 inter
1261 3715 1457 3780 Kambriam
1493 3719 1527 3780 et

478 3995 854 4006 .-—-—-—--—--——..
862 3989 1515 4000 -,-..........-—.....---..—--...-..-...........-...—

513 4170 680 4224 ¹-rerr‘tcd
694 4187 777 4238 repen.
796 4207 801 4222 .
820 4207 827 4222 .
848 4169 977 4236 Oiaiqce]
1059 4167 1181 4233 'nominfl
1196 4165 1305 4218 nomine.
1325 4166 1390 4218 Β.Ι).
1411 4166 1524 4217 Hebron.

476 4269 525 4304 om.
538 4252 567 4304 G.
1024 4248 1052 4296 in
1063 4261 1142 4312 marg.
1155 4247 1189 4298 A.
1200 4247 1228 4296 in
1239 4247 1331 4297 rubrio.

510 4331 644 4399 ’reddtffl
663 4331 755 4382 mildi&
789 4331 854 4381 Β.Ι).
1056 4337 1196 4404 'repimffl
1219 4353 1266 4389 om,
1282 4339 1312 4389 Β,

509 4413 641 4478 'epatre]
658 4409 878 4462 InterlinedinA.

508 4491 685 4558 *Gwmtolenj
706 4491 866 4544 Gwendolen.
897 4489 963 4540 Β.Ι).

509 4565 680 4637 *Ererildanj
701 4571 742 4623 On
769 4585 803 4622 an
823 4583 922 4622 erasure
949 4572 976 4622 in

477 4651 709 4704 surrentino.
1055 4625 1235 4694 eremum]
1253 4627 1371 4678 nes-rus.
1409 4627 1450 4679 0·-

507 4731 651 4798 'ea]eam.
686 4730 715 4784 C.
1052 4719 1192 4798 ¹¹qeed]q'.
1220 4731 1253 4792 A!
1286 4747 1351 4799 quoe.
1385 4731 1414 4785 Ο.

1055 4441 1258 4494 'Guendolcncm
1285 4445 1379 4495 omnino
1407 4482 1413 4495 .
1444 4481 1450 4496 .
1478 4482 1484 4496 .
1516 4481 1522 4495 .

1024 4532 1111 4575 terrm
1119 4524 1258 4590 proprium]
1278 4539 1327 4574 om.
1361 4523 1394 4574 D.
