3696 5794
638 899 821 954 EULOGIUM
844 899 1090 954 HISTORIARUM.
1324 885 1388 952 159
1433 967 1436 974 Ι

341 1072 444 1132 nscbus
474 1074 563 1134 fectus
586 1078 636 1136 est.
682 1076 728 1132 Illi
751 1077 881 1136 suecessit
903 1076 1031 1134 Seiredus
1056 1074 1189 1147 sigeberti
1221 1075 1294 1130 Boni
1316 1072 1505 1173 ffl³u³i⁸b³ib

340 1177 479 1218 xxxvm.
507 1163 602 1228 ennie3
634 1179 690 1236 quo
714 1168 862 1234 perempto,
891 1167 989 1234 preest
1018 1161 1203 1218 Orientalibus
1235 1159 1390 1215 Senonibus
1453 1158 1458 1170 '
1507 1157 1512 1171 '

341 1244 515 1318 Swythredus
532 1248 581 1320 qui
601 1247 697 1304 eodem
715 1265 788 1304 enno
807 1266 862 1320 quo
882 1247 1056 1302 Centuerites
1075 1246 1212 1318 Egbertus
1235 1263 1282 1300 rex
1301 1243 1423 1320 west-E
1451 1277 1527 1321 berht.

340 1347 475 1386 saxonum
506 1329 651 1388 debellavit
681 1337 709 1388 st
741 1332 776 1386 eb
810 1331 906 1388 ecdem
929 1333 1062 1402 expulsus
1086 1347 1203 1401 regnum
1232 1327 1389 1384 vacuefecit.
1404 1333 1430 1372 A·
1454 1332 1512 1373 ³2³·

340 1413 485 1470 Londonie
505 1419 598 1472 temen
622 1433 685 1471 enm
708 1416 959 1488 circumjecentibus
982 1413 1140 1486 regionibus
1162 1413 1328 1472 Muciorum
1352 1429 1392 1468 re·

340 1498 422 1570 gibus
446 1499 581 1571 quamdiu
600 1501 797 1572 imperaverunt
815 1501 914 1572 paruit.
954 1497 1000 1572 [B.
1014 1497 1052 1572 c]

383 1596 547 1679 Quartum
569 1619 707 1684 regnum
729 1597 795 1662 fuit
817 1597 1051 1684 Estenglorum
1072 1595 1245 1661 continens
1264 1593 1389 1660 North·
1406 1607 1461 1657 The
1473 1607 1548 1672 king.

336 1697 435 1776 folke,
468 1698 672 1778 Southfolke‚
702 1700 827 1765 hebens
857 1700 901 1764 ed
933 1699 1104 1764 Orientem
1136 1703 1171 1763 et
1209 1695 1251 1762 ed
1282 1697 1389 1784 Aqui·
1405 1675 1506 1790 ffiff

338 1801 447 1872 Ionem
477 1802 520 1868 nd
550 1800 714 1870 Circium¹
738 1799 1068 1889 (ientebrigsschire,⁸
1098 1800 1141 1866 ed
1172 1799 1387 1866 Occidentem
1406 1807 1509 1872 Anglii.

338 1904 459 1971 fossum
497 1904 611 1970 Seneti
642 1904 821 1981 Edmundi,
845 1903 902 1970 et³
928 1903 972 1972 ed
1001 1903 1165 1970 Austrum
1190 1903 1387 1970 Hertforde-

338 2005 733 2086 mercennariorum.
781 2005 944 2073 Ourrebet
970 2006 1032 2072 hoe
1062 2027 1201 2091 regnum
1231 2005 1292 2070 sub
1324 2021 1387 2070 ΧΠ.

285 2107 287 2112 ’
338 2107 460 2196 regulis
491 2110 602 2190 donec,
632 2109 736 2174 occiso
765 2130 841 2196 rege
872 2107 1058 2188 EdmundO,
1089 2107 1179 2172 Dani
1209 2111 1387 2192 utrumque
1405 2120 1538 2172 Eadmund

338 2233 484 2300 regnum,
497 2211 630 2294 scilieet,
647 2211 881 2298 Estenglcrum
906 2216 940 2280 et
961 2210 1183 2276 Fstsuxonum
1207 2210 1271 2274 sibi
1292 2231 1387 2275 usur.
1405 2188 1478 2307 {¹72³-
1491 2188 1559 2238 An.

338 2320 469 2402 parunt.
515 2314 643 2396 Quibus
668 2319 782 2380 temen
805 2312 911 2380 Denis
934 2319 994 2382 eut
1019 2313 1142 2400 sugetis
1172 2317 1231 2378 eut
1253 2313 1389 2400 abjectis

339 2439 399 2483 rex
424 2417 609 2486 Edwerdus
633 2417 751 2485 Senior
780 2418 878 2484 embo
907 2437 1010 2505 regne
1039 2415 1098 2484 illc
1124 2435 1183 2484 suo
1214 2415 1389 2503 conjunxit

341 2520 486 2608 imperio.

377 2637 464 2710 Reges
478 2635 660 2692 Orientalium
671 2638 831 2710 Anglorum
851 2636 1062 2692 dominabuntur
1079 2635 1108 2690 in
1127 2652 1199 2707 pego
1224 2634 1392 2690 Grentebru·

340 2723 426 2793 gensi,
442 2722 601 2787 Northfclk‚
613 2727 640 2777 et
654 2721 812 2777 Southfolk.
844 2721 952 2776 Primus
965 2725 991 2776 et
1003 2721 1139 2776 maximus
1152 2720 1227 2792 epud
1240 2721 1392 2775 Orientales

341 2807 448 2877 Anglos
472 2825 518 2862 rex
548 2805 602 2861 fuit
628 2804 790 2861 Redweldus
814 2823 831 2860 e
855 2804 999 2870 Wodenio,
1024 2809 1058 2860 ut
1085 2804 1212 2860 scribitur
1238 2803 1391 2860 secundum
1405 2818 1536 2863 mdccc.

342 2889 522 2945 Willielmum
534 2889 812 2954 Melmerburiensem,
826 2887 976 2960 [decimum
988 2905 1062 2958 genu
1074 2892 1172 2943 nectus
1179 2887 1202 2960 3]
1213 2907 1308 2944 omnes
1322 2889 1393 2943 Aus—
1405 2871 1460 2914 M),
1470 2875 1515 2914 ⁵⁹⁰·

340 2976 421 3030 treles
433 2975 589 3044 Anglorum
604 2979 631 3028 et
646 2973 788 3028 Serenum
804 2973 950 3045 provinciae
967 2972 1034 3027 citre
1041 2972 1180 3028 Umbrum
1196 2971 1312 3028 fluvium
1329 2991 1392 3028 eum

341 3058 399 3113 suis
420 3057 530 3127 regibus
554 3055 590 3110 ed
607 3056 665 3128 ejus
689 3061 791 3112 nutum
813 3056 980 3128 spectabunt.
1030 3055 1085 3111 lete
1109 3055 1282 3112 Edelfridum
1302 3073 1393 3127 regem

341 3143 658 3199 Northemhumbrnrum
675 3161 725 3216 pro
739 3141 863 3198 Eedwini
876 3142 968 3198 favore
985 3141 1139 3198 trucidavit.
1168 3140 1248 3197 Idem
1262 3141 1393 3198 Eedsino

340 3227 471 3286 suadente
495 3225 658 3299 baptizatus,
682 3227 796 3283 coneilio
820 3226 914 3282 uxoris
937 3244 954 3280 e
976 3225 1030 3281 fide
1058 3225 1189 3292 discessit
1216 3225 1313 3282 hebuit
1331 3245 1393 3298 pos·

341 3313 439 3368 teriora
469 3311 562 3384 pejore
584 3311 729 3384 prioribus,
760 3311 799 3366 ita
821 3315 854 3366 ut
874 3309 985 3366 Christo
1004 3311 1100 3366 servire
1123 3309 1259 3366 videretur
1281 3315 1309 3366 et
1333 3311 1393 3366 diis.

343 3395 396 3450 Cui
421 3395 551 3451 successit
575 3393 755 3466 Ecrpweldus
780 3395 828 3467 qui
851 3393 1037 3465 incorruptam
1062 3393 1297 3450 christianitatem
1320 3411 1535 3463 com-norpwelu.

341 3481 437 3552 plexus
460 3479 607 3533 immotum
638 3479 764 3550 spiritum
789 3479 849 3533 Deo
873 3476 977 3544 effudit,
1002 3495 1019 3532 e
1044 3477 1166 3551 quodem
1190 3477 1292 3534 Gentili
1315 3479 1393 3534 inno·
1405 3462 1523 3506 ΨΜ

341 3569 432 3620 center
454 3568 626 3635 peremptus;
652 3569 678 3618 et
703 3579 751 3618 111.
783 3563 863 3618 annis
886 3562 1027 3634 provincie
1050 3563 1081 3617 in
1104 3581 1220 3618 errorem
1243 3581 1320 3620 verse
1343 3568 1392 3629 est,

340 3647 427 3704 donec
449 3651 575 3716 regnaret
592 3646 675 3701 freter
690 3646 748 3718 ejus
770 3645 936 3716 sigebertus.
972 3644 1049 3700 Beda
1072 3645 1106 3702 de
1130 3646 1220 3704 Gestis
1238 3649 1393 3720 Anglorum
1406 3667 1429 3711 si
1446 3668 1529 3711 iberht.

340 3733 497 3801 li.1.⁵cep.
526 3731 568 3795 15,
597 3728 662 3785 dicit
689 3729 765 3803 quod
790 3728 864 3784 idem
892 3728 1064 3802 Sigesbertus
1087 3730 1140 3786 fnit
1164 3731 1206 3786 vir
1233 3751 1281 3804 per
1301 3720 1431 3788 omnieA·
1455 3723 1513 3763 ¹⁸³¹·

342 3815 599 3879 christianissimus,
618 3815 674 3886 qui,
693 3814 801 3870 vivente
818 3814 907 3878 imbre,
930 3831 994 3869 cum
1015 3815 1135 3870 exularet
1152 3815 1182 3869 in
1203 3815 1307 3882 Galliis,
1327 3816 1393 3872 fidei

340 3899 513 3956 recrementis
545 3897 667 3954 eruditus
691 3903 740 3964 eet,
765 3903 792 3953 et
815 3915 938 3954 reversus
967 3896 1088 3952 scholam
1115 3899 1244 3965 instituit,
1275 3900 1304 3955 in
1337 3919 1393 3974 que

340 3984 417 4058 pueri
434 3984 526 4058 literes
538 3979 704 4048 erudierunt,
726 3987 752 4037 et
769 3980 882 4036 tandem
899 3981 998 4036 relictis
1011 3981 1087 4053 regni
1106 3984 1223 4054 negotiis
1241 3985 1393 4042 monachus

340 4069 429 4124 fectus
453 4071 502 4134 est,
526 4072 554 4122 et
578 4065 693 4137 Egrico⁸
711 4069 828 4138 cognato
846 4083 897 4120 suo
924 4065 1057 4120 thronum
1081 4083 1164 4121 suum
1186 4067 1303 4142 reliquit,
1328 4086 1544 4142 cumssgrteim,

342 4171 397 4224 quo
425 4169 442 4206 e
472 4149 568 4206 Peude
597 4168 659 4220 rege
692 4149 858 4205 Mercicrum
891 4148 982 4204 rociub
1012 4149 1084 4203 bello
1110 4154 1227 4206 mortem
1263 4153 1391 4208 obtinuit.
1405 4144 1451 4184 ⁶³4·

344 4235 397 4290 Cui
421 4234 534 4290 sucessit
553 4233 635 4288 Anne
653 4233 709 4307 qui,
728 4231 879 4288 secundum
912 4231 1025 4298 Bedsm,
1055 4233 1084 4288 li.
1113 4249 1161 4288 111.
1186 4253 1244 4306 esp.
1272 4235 1313 4302 17,
1338 4237 1479 4295 fuittnm,
1492 4241 1547 4285 AJ).

342 4319 416 4374 filius
435 4319 489 4374 Eni
508 4317 541 4374 de
562 4335 659 4390 genere
676 4318 760 4389 regio,
779 4317 820 4372 vir
840 4317 961 4388 optimus
980 4321 1007 4372 et
1024 4316 1178 4388 religiosum
1193 4319 1290 4376 hebuit
1308 4321 1393 4376 filiam
1404 4296 1449 4338 ⁶³⁵⁸

344 4401 540 4474 Etheldripem
573 4418 635 4474 quae
653 4400 751 4456 hebuit
780 4401 911 4457 meritum
933 4418 1024 4474 regem
1048 4401 1219 4458 Austrelium
1253 4403 1393 4460 Saxonum

378 4610 385 4640 ¹
401 4607 526 4674 Circium]
546 4609 686 4660 circuitum·
720 4611 786 4662 B·D·
925 4618 1170 4691 ⁴Hertscrdeecbire]
1202 4625 1393 4694 Hertfordehyr.

375 4687 638 4755 ‘oaneeteqcctirq
683 4689 846 4757 Centobrige·
893 4699 924 4749 B.
962 4700 1162 4754 Hertfordehire.
1195 4705 1228 4757 D.

344 4767 428 4835 shyr⁰.
461 4767 493 4820 B.
927 4783 970 4848 ⁵1]
990 4799 1054 4834 corr.
1068 4800 1097 4836 11.

377 4853 434 4920 ἐι]
453 4852 595 4918 Interliued¹
608 4852 636 4902 in
647 4852 681 4905 A.
925 4861 1049 4928 ‘Eyn'eo]
1064 4864 1159 4930 Egritc.
1195 4867 1225 4918 B.
