3696 5794
598 901 780 952 uuuooruu
803 901 1052 952 maronianus.
1287 890 1351 954 193

345 1075 455 1142 Istum
486 1075 701 1143 Willielmum
743 1075 936 1165 generavit¹
971 1076 1149 1163 praedictus
1182 1077 1349 1144 Robertus

298 1179 369 1244 dux
394 1179 610 1245 Normanniae
633 1202 676 1246 ex
699 1180 830 1246 Helena
854 1178 1058 1257 concubina;
1080 1179 1173 1265 cujus
1199 1181 1350 1267 speciosi-

297 1286 402 1346 tatem
439 1281 475 1347 in
513 1282 629 1348 chorea
667 1282 881 1369 tripudiantis
919 1303 996 1348 casu
1026 1283 1245 1360 considerans,
1278 1303 1350 1348 eam

299 1385 392 1469 quasi
406 1405 544 1450 uxorem
566 1384 662 1450 unice
685 1385 825 1471 diligens
849 1385 885 1449 in
908 1384 1132 1450 concubinatu
1154 1385 1350 1470 aliquandiu

297 1487 477 1553 detinebat
525 1486 606 1552 Dux
636 1509 715 1553 vero
740 1487 915 1566 Robertus,
940 1493 1035 1574 pater
1059 1487 1139 1553 dicti
1164 1487 1345 1568 Willielmi,

297 1588 563 1676 Hierosolymam
585 1589 791 1677 profecturus
813 1591 902 1677 apud
930 1589 1106 1656 Fiscanum
1129 1589 1268 1656 ducatus
1295 1591 1347 1654 sui

297 1691 340 1756 ad
369 1692 568 1778 colloquium
591 1693 793 1759 convocavit.
840 1691 959 1778 Ibique
990 1691 1210 1758 Willielmum
1239 1693 1346 1758 filium
1360 1705 1455 1762 Robore

298 1815 395 1859 suum
422 1795 533 1860 aetatis
555 1799 681 1882 septem
696 1816 860 1860 annorum
883 1795 1046 1862 haeredem
1069 1796 1135 1861 sibi
1158 1796 1343 1874 constituit,
1360 1779 1520 1896 {gli'ffiffis

297 1903 333 1964 et
355 1919 466 1964 omnes
489 1919 565 1964 suos
587 1898 677 1964 dicto
700 1897 881 1964 Willielmo
903 1898 1100 1964 fidelitatem
1122 1897 1201 1964 fecit
1226 1897 1346 1983 jurare.
1359 1924 1494 1962 secessu.

299 2000 481 2066 Robertus·
504 2004 599 2087 pater
629 2001 709 2087 ejus,
739 1999 1004 2087 peregrinatione
1034 2022 1095 2066 sua
1125 2001 1348 2066 transmarino

296 2103 507 2169 laudabiliter
537 2103 709 2190 completa,
734 2102 816 2168 dum
846 2103 970 2168 rediret
1000 2103 1043 2168 od
1081 2103 1228 2190 patriam
1262 2104 1348 2170 circa

297 2205 400 2292 Alpes
429 2205 518 2271 diem
548 2205 667 2272 clausit
698 2210 892 2272 extremum.
954 2203 1017 2270 Oui
1047 2203 1223 2271 succedens
1265 2205 1349 2270 Wil-

297 2309 435 2386 lielmus,
449 2309 537 2374 filius
560 2307 637 2394 ejus,
651 2307 687 2372 in
710 2328 823 2374 omnes
842 2308 1045 2374 adversarios
1068 2328 1151 2389 suos,
1168 2307 1225 2393 qui
1241 2308 1348 2396 ipsum

299 2412 335 2476 in
365 2411 484 2498 puerili
516 2414 616 2478 aetate
639 2411 870 2497 despexenrnt,
900 2411 951 2476 ita
977 2409 1117 2476 desaevit
1139 2411 1274 2475 adultus
1310 2415 1349 2474 ut

298 2535 366 2579 non
381 2514 487 2580 solum
510 2513 643 2601 propria
664 2513 708 2578 ad
730 2515 856 2578 statum
872 2511 1051 2600 pristinum
1073 2513 1217 2593 reduxit,
1232 2534 1348 2578 verum

298 2617 400 2682 etiam
430 2639 473 2682 ex
515 2616 645 2682 damnis
678 2613 797 2682 alienis
831 2637 892 2682 sua
923 2614 1095 2682 commoda
1125 2614 1198 2680 fieri
1232 2636 1347 2702 procu-

300 2719 398 2786 ravit.

656 3018 737 3088 ΟΔΡ.
762 3017 998 3086 CLXXXVII.

344 3226 579 3293 Efflumnnus
609 3244 670 3288 rex
700 3219 860 3287 naturalis
895 3216 1030 3304 Angliae
1061 3216 1214 3283 Emmam
1245 3218 1347 3284 filiam
1360 3229 1464 3282 aelfred
1472 3233 1521 3283 and

300 3329 432 3396 Ricardi
454 3327 546 3393 ducis
570 3323 785 3391 Normanniae
813 3319 1034 3408 desponsavit,
1051 3341 1093 3384 ex
1118 3341 1183 3406 qua
1206 3297 1478 3416 genuitfflffi'fd’

299 3432 381 3498 duos
404 3431 498 3508 filios,
528 3428 660 3507 scilieet,
696 3423 858 3491 Alredum
888 3427 923 3488 et
954 3420 1165 3486 Edwardum.
1213 3421 1347 3488 Mortuo
1361 3432 1497 3482 Aethelrou

298 3555 411 3600 eorum
434 3537 537 3620 patre,
562 3529 702 3597 Suanus
726 3548 785 3592 rex
809 3524 980 3590 Danorum
1004 3523 1161 3611 Angliam
1185 3523 1249 3588 sibi
1272 3499 1519 3590 sub-mmm·

295 3637 438 3724 jugavit,
462 3639 496 3701 et
518 3633 633 3699 multis
656 3630 752 3697 annis
778 3626 951 3715 tyrannice
974 3625 1010 3689 in
1040 3625 1155 3690 eadem
1186 3626 1347 3713 regnavit

301 3741 374 3822 Quo
398 3738 562 3814 defuneto,
596 3735 706 3802 Cnuto
739 3731 827 3797 filius
851 3729 921 3817 ejus
958 3728 1111 3814 regnavit
1137 3748 1197 3814 pro
1220 3750 1267 3808 eo,
1291 3729 1349 3816 qui
1362 3737 1499 3788 secession

299 3863 413 3908 omnes
438 3841 478 3906 de
502 3839 625 3906 semine
651 3837 742 3924 regio
764 3836 936 3922 generatos
958 3830 1146 3896 interimere
1168 3829 1346 3898 nitebatur.
1360 3805 1520 3922 {15⁰¹}ssst

301 3944 397 4026 Quod
444 3942 616 4008 audientes
645 3939 707 4004 filii
738 3937 825 4024 regis
856 3932 1058 4010 Etheldredi‚
1090 3931 1222 4014 scilicet,
1253 3933 1347 3998 Alre-
1359 3962 1522 4013 Aelneoanu

299 4045 384 4113 dus⁸
406 4051 441 4111 et
468 4043 661 4118 Edwardus,
685 4045 721 4107 et
749 4037 865 4104 mortis
895 4035 1077 4124 periculum
1102 4035 1281 4114 imminere,
1304 4029 1497 4160 stdffi'ff

300 4149 479 4216 Ricardum
506 4147 622 4212 ducem
645 4139 861 4208 Normanniae
883 4160 996 4205 eorum
1018 4137 1218 4204 avunculum
1241 4137 1347 4205 laten·
1359 4163 1515 4226 uomandy.

299 4261 351 4321 ter
373 4252 540 4339 fugerunt,
568 4253 603 4315 et
625 4269 646 4314 a
668 4248 749 4312 duce
772 4243 949 4309 honorifice
971 4240 1114 4327 suscepti
1136 4245 1221 4307 sunt

344 4354 490 4421 Tandem
521 4373 582 4417 rex
606 4350 724 4414 Knuto
755 4346 907 4411 Emmam
937 4343 1094 4430 reginam,
1122 4347 1261 4408 matrem
1289 4343 1428 4407 Al-Cnuc

299 4455 410 4525 fredi⁴
432 4459 468 4522 et
491 4453 657 4534 Edwardi,
682 4447 904 4538 desponsavit,
932 4467 975 4512 ex
1006 4467 1073 4532 qua
1102 4445 1220 4533 genuit
1241 4445 1348 4510 filium
1359 4419 1464 4538 ffigf

1361 4553 1430 4608 AD.
1449 4557 1519 4602 lou.

333 4761 340 4794 ¹
352 4760 488 4828 pererravit]
507 4761 580 4826 gen0.
614 4757 714 4810 ΑΜ).
882 4747 1022 4814 ’Alrcdnc]
1042 4748 1176 4800 Illuredus.
1216 4747 1283 4799 B.D.

334 4836 448 4906 ’μανίη
465 4836 542 4902 gealt.
575 4836 609 4888 A.
831 4883 834 4890 ,
883 4827 1014 4895 ⁴Alsrrdr']
1036 4827 1150 4879 Aluradi.
1185 4827 1252 4878 B.D.

389 4933 464 4982 VOL.
489 4933 525 4983 11.
1198 4923 1223 4970 N
