3590 5844
458 776 524 848 884
755 793 936 848 nanooron
959 795 1209 848 mercenaria

836 1135 916 1204 crs.
942 1109 1136 1204 Lxxvlli

289 1335 448 1392 lnvnionor
502 1323 605 1392 CUM¹
629 1325 743 1390 autem
774 1325 867 1392 Yuor
898 1331 933 1392 et
967 1323 1035 1392 Yni
1066 1347 1167 1393 naves
1196 1327 1260 1392 sibi
1289 1325 1506 1414 collegissent,

290 1403 350 1454 Iuor
361 1407 410 1456 and

289 1471 339 1522 Ini.

455 1450 536 1515 quos
570 1431 750 1516 potuerunt
782 1427 845 1494 sibi
879 1427 1127 1496 associaverunt
1156 1435 1191 1496 st
1213 1428 1443 1516 applicuerunt
1465 1430 1506 1495 in

456 1531 607 1608 insulam,
630 1534 730 1616 atque
753 1529 862 1596 ant.²
895 1531 992 1596 annis
1014 1537 1148 1620 gentem
1178 1531 1363 1618 Anglorum
1392 1534 1508 1598 saevis·

454 1635 538 1699 sima
570 1633 810 1720 inquietatione
844 1629 1032 1712 affecerunt,
1064 1631 1122 1700 ssd
1159 1631 1349 1700 modicum⁸
1371 1634 1507 1723 profirit

456 1735 653 1824 Supradicts
685 1755 827 1821 namquo
864 1735 1049 1802 mortalitas
1087 1741 1122 1802 et
1151 1737 1255 1802 fames
1295 1741 1395 1823 atquc
1429 1759 1510 1803 con·

455 1838 719 1904 suetudincrium
751 1837 924 1904 dissidium
956 1837 992 1902 in
1015 1843 1149 1904 tantum
1172 1843 1323 1926 coegerat
1345 1839 1507 1927 populum

454 1941 631 2029 superbum
653 1939 849 2026 degenerare
870 1939 957 2027 quod
981 1941 1091 2007 hostes
1113 1940 1243 2029 longius
1266 1963 1374 2008 arcere
1390 1945 1508 2028 nequi·

453 2049 580 2110 verant.

499 2143 681 2212 Barbarie‘
717 2145 820 2211 etiam
857 2143 1046 2234 irrepente³
1081 2145 1151 2232 jam
1188 2167 1256 2212 non
1301 2147 1508 2214 vocabantur

455 2249 608 2315 Britones
645 2248 703 2314 sed
737 2245 927 2314 Gwalsnses
945 2243 978 2328 ;ο
1008 2249 1205 2314 vocabulum
1239 2247 1342 2314 vero’
1376 2249 1448 2315 sive
1484 2273 1507 2315 a

454 2349 636 2418 Gwalons⁸
658 2351 740 2417 duos
756 2369 870 2416 eorum
893 2351 964 2416 sive
986 2371 1007 2416 a
1030 2347 1172 2417 Galeas⁹
1193 2352 1309 2438 regina
1338 2373 1406 2430 sua,
1430 2353 1503 2418 sive

453 2476 473 2520 a
497 2453 652 2519 Barbarie
674 2451 853 2519 trabentes.
911 2453 961 2517 At
992 2451 1141 2519 Saxones
1163 2453 1347 2540 sapientius
1369 2460 1506 2541 agentes

452 2577 565 2644 pacem
597 2557 699 2621 etiam
710 2553 735 2592 ¹⁰
758 2561 791 2620 et
818 2555 1025 2620 concordiem
1048 2555 1208 2622 habentes
1234 2577 1331 2642 agros
1361 2555 1506 2622 colentes

452 2665 487 2724 et
509 2657 630 2745 oppida
651 2656 888 2723 reaedificantes
903 2657 999 2722 etsie
1014 2657 1142 2743 abjecto
1166 2657 1312 2723 dominio
1328 2657 1506 2724 Britonum

447 2763 518 2847 jorn
540 2761 606 2825 toti
636 2757 784 2846 Lcegriae
809 2759 1089 2846 imperaverant‚¹¹
1113 2759 1197 2826 duce
1227 2758 1423 2828 Ethelstano
1446 2762 1506 2847 qni

452 2860 614 2950 primus¹⁹
637 2862 802 2927 intereos
824 2859 977 2927 diadenm
998 2863 1153 2950 portavit.

497 2964 695 3053 Degenerati
733 2969 844 3030 autem
882 2985 903 3029 a
948 2963 1141 3031 Britannica
1185 2963 1361 3030 nobilitate
1407 2964 1510 3032 Gwa-

452 3067 578 3136 lenses⁶
600 3087 773 3154 nunquam
796 3065 1021 3133 monarchiam
1045 3067 1165 3134 insulsa
1196 3073 1311 3154 postea
1333 3089 1508 3155 recupera·

451 3175 581 3250 verunt,
610 3171 711 3236 irnmo
738 3189 827 3235 nunc
861 3168 924 3234 sibi
958 3169 1127 3236 interdum
1159 3169 1347 3236 Senonibus
1379 3170 1506 3258 ingrati

451 3278 685 3360 consurgentes
705 3277 858 3337 externos
880 3293 919 3337 ac
941 3271 1136 3338 domesticos
1166 3270 1274 3338 clades
1304 3272 1507 3338 incessanter

452 3377 602 3464 agebant
650 3375 755 3461 Reges
779 3379 891 3439 autern
913 3393 1026 3440 eorum
1049 3375 1106 3461 qui
1130 3373 1166 3440 in
1182 3373 1319 3440 Gwsiiis
1332 3371 1357 3411 ¹⁸
1379 3374 1421 3440 ab
1444 3375 1505 3440 illo

452 3485 599 3566 tempore
621 3481 847 3543 successerunt
869 3477 1027 3542 scribenti
1051 3477 1233 3542 committo.

496 3581 603 3668 Reges
615 3577 640 3616 ¹⁴
663 3579 842 3644 Britonum
865 3579 1008 3666 amplius
1030 3599 1171 3667 regnare
1194 3599 1262 3644 non
1285 3584 1363 3646 sunt
1386 3577 1505 3656 auditi,

994 3781 1140 3790 -0-—
1371 3779 1502 3787 ——--—

486 3915 583 3983 ¹Cm]
602 3917 679 3968 Dum.
716 3916 750 3965 D.
971 3893 975 3995 ἰ
1031 3911 1185 3980 'GwoioaeJ
1206 3911 1328 3966 Gnalcne.
1362 3911 1393 3961 B.

483 3995 587 4064 ²nrrr.]
607 4001 647 4047 48.
682 3997 721 4059 B„
740 4011 772 4048 on
793 4009 825 4046 an
843 4008 950 4045 emtore.
1030 3990 1160 4058 Ἕω]
1194 3991 1311 4042 Gnataes.
1347 3989 1378 4041 B.
1412 3989 1456 4040 the
1485 4008 1502 4040 a

453 4081 493 4125 6⁹.
526 4075 560 4126 D.
997 4069 1169 4122 interiincdin
1184 4069 1361 4122 alaterhand.
1396 4067 1498 4120 Galaes.

483 4153 631 4222 'modim
651 4171 703 4206 non
713 4155 829 4206 multum.
862 4151 929 4204 B.D.
999 4151 1031 4204 D.

483 4231 642 4302 ‘Bartae-is]
661 4233 812 4286 Barbaricia.
836 4232 878 4294 B..
897 4247 952 4282 eor·
972 4253 975 4294 ;
1031 4231 1050 4262 ¹⁰
1062 4227 1152 4296 etism]
1171 4243 1222 4282 om.
1256 4227 1322 4279 RD.

449 4313 535 4363 rectori
545 4313 573 4362 in
585 4325 601 4362 a
611 4312 674 4364 later
684 4313 760 4364 hand.
1031 4309 1048 4340 ¹¹
1060 4307 1251 4376 iapemaems]
1261 4307 1424 4372 imperabant
1434 4305 1502 4356 B.D.

484 4391 633 4458 'irrepeatd
652 4391 827 4456 irrepentibus.
854 4389 885 4442 Β.
909 4391 952 4441 the
1031 4385 1163 4454 ”primast
1184 4383 1460 4438 OnanerasursinB.

450 4471 506 4522 first
529 4469 634 4536 syllable
654 4469 807 4530 internum
836 4468 879 4520 the
901 4477 952 4520 tvo
1031 4465 1182 4532 ¹⁸Groo1ia'a]
1202 4465 1320 4517 Goailiis.
1353 4463 1384 4514 B.

449 4549 831 4601 tastonaneraaureinaiater
840 4548 916 4600 hand.
1032 4548 1050 4580 ¹⁴
1062 4547 1111 4598 Mr.
1123 4544 1258 4612 Hindley'a
1272 4543 1408 4608 transcript
1428 4543 1500 4606 (MS.

482 4625 659 4696 ὀιοαὶιυα]
679 4627 826 4681 Gualenea.
861 4627 892 4678 B.
997 4625 1501 4688 riu.13riaacd.ssr⁴)oonmence.

482 4709 570 4778 terro]
590 4723 639 4760 om.
674 4707 740 4760 RD.
995 4707 1056 4758 with
1073 4704 1124 4756 this
1141 4701 1289 4770 paragraph.
1329 4701 1376 4754 See
1393 4700 1499 4755 Prssnee
