3696 5794
486 859 549 924 158
777 872 960 926 aunooruu
982 871 1229 928 alemanam

316 1055 456 1118 'thehina-
528 1047 715 1114 Secundum
742 1069 881 1135 regnum
903 1049 969 1116 fuit
991 1049 1270 1130 Southssxonum,
1294 1047 1419 1116 babens
1442 1046 1531 1116 Oen·

315 1123 415 1254 {ff
482 1151 566 1216 ciam
589 1151 631 1216 ab
655 1150 798 1230 Oriente,
823 1153 866 1218 ab
889 1154 1014 1218 Austro
1037 1175 1128 1220 mara
1150 1158 1186 1220 et
1209 1152 1348 1220 Vectem
1372 1151 1529 1234 Insulam,

410 1239 417 1253 ⁶
481 1257 523 1320 ab
548 1255 725 1324 Occidente
748 1256 1023 1346 Hamptaschire,¹
1049 1257 1092 1324 ab
1115 1257 1282 1344 Aquilone
1307 1255 1527 1334 Southreiam,

479 1359 517 1424 in
539 1381 604 1446 quo
627 1360 697 1426 loco
719 1361 845 1447 primus
861 1360 933 1426 Elle
955 1381 1030 1426 eum
1054 1359 1202 1438 111.liliis,
1220 1377 1303 1428 xxx.
1319 1361 1363 1426 ab
1383 1361 1530 1428 adventu

480 1461 665 1550 Anglorum
688 1485 775 1528 anno
797 1463 899 1550 ooepit
931 1483 1089 1550 regnem
1122 1461 1368 1550 quodquidam
1390 1483 1529 1552 regnum

479 1565 546 1630 cito
568 1571 643 1650 post
665 1566 702 1630 in
723 1565 862 1631 aliorum
880 1567 960 1651 jure
982 1565 1149 1632 transivit.

313 1696 453 1766 stering-
523 1668 673 1734 Tertium
705 1691 843 1756 regnum
877 1667 942 1734 fuit
974 1667 1207 1747 blslsaxonum,
1230 1666 1356 1734 habens
1387 1668 1431 1734 ab
1455 1667 1529 1734 Ori-

310 1765 409 1882 ἓξὲξ
478 1775 554 1836 ente
576 1793 676 1852 mere,
698 1771 740 1836 ab
764 1770 941 1837 Occidente
974 1793 1097 1858 pagum
1128 1769 1315 1850 Londonias,
1338 1771 1381 1838 ab
1404 1771 1529 1838 Austro

392 1869 398 1882 '
478 1873 664 1952 Tamisiam,
699 1875 742 1940 ab
774 1873 940 1960 Aquilone
974 1873 1186 1940 Sonthlolke.
1244 1873 1348 1960 Oujus
1381 1895 1474 1960 reges
1507 1895 1528 1940 s

310 1993 437 2045 Saeberhe
479 1977 617 2044 Saberto
640 1979 746 2064 primo
776 1975 944 2062 usquead
969 1981 1118 2062 ternpore
1141 1975 1305 2042 Dacorum
1337 1997 1395 2064 per
1419 1993 1452 2040 x.
1477 1999 1527 2042 re·

314 2061 377 2112 ‘w'
391 2065 447 2114 ⁵⁹⁷·
477 2080 571 2166 gulos
593 2081 659 2146 fere
681 2101 808 2167 semper
830 2079 904 2144 aliis
926 2079 1059 2165 regibus
1082 2079 1254 2164 parebant,
1270 2078 1476 2165 frequentius
1491 2085 1526 2145 et

478 2184 604 2248 diutius
641 2184 771 2270 regibus
810 2181 1007 2248 Marciorum
1053 2181 1279 2267 subjacebant,
1319 2183 1422 2247 donec
1467 2205 1526 2250 rex

476 2285 732 2354 westsaxonum
762 2285 926 2374 Egbertus
955 2305 1094 2376 regnum
1124 2284 1208 2354 illud
1238 2307 1298 2352 suo
1336 2289 1526 2354 annecteret

475 2389 619 2476 imperio.

307 2521 343 2564 ns
359 2533 418 2565 eom·
511 2503 598 2575 Reges
618 2503 799 2562 Orientalium
812 2503 954 2560 Saxonum
968 2501 1181 2560 dominabantur
1197 2503 1228 2560 in
1240 2503 1356 2560 Estsexs
1374 2507 1401 2560 et
1413 2503 1526 2560 dimidia

307 2575 457 2666 ffissssffi'ss‘ni·
476 2588 674 2644 Hertfordensi.
718 2588 824 2644 Eodem
846 2588 901 2644 fere
921 2593 1042 2660 tempore
1066 2607 1122 2662 quo
1155 2589 1238 2660 coepit
1260 2606 1377 2660 regnum
1401 2587 1525 2645 Orienta-

307 2673 415 2719 Αιῦ-ὕῦῦι
474 2672 544 2726 lium
560 2671 715 2744 Anglorum
733 2673 848 2727 surrexit
865 2689 982 2743 regnum
1002 2671 1184 2728 Orientalium
1204 2671 1353 2738 Saxonum,
1374 2673 1422 2746 qui
1439 2673 1526 2728 habu·

475 2761 555 2810 erunt
573 2775 649 2825 reges
662 2775 709 2828 per
727 2755 925 2810 successionem
943 2757 1055 2821 multos,
1069 2755 1117 2810 sed
1135 2755 1194 2810 aliis
1213 2756 1323 2827 regibus
1343 2753 1383 2828 [et
1394 2755 1523 2830 maxime]

190 2849 194 2858 “
307 2861 445 2912 sudum,
476 2839 584 2895 Mei-ciis
602 2839 745 2911 subjectos.
783 2839 891 2894 Primus
905 2837 1006 2894 Sledda
1024 2857 1040 2894 s
1057 2838 1194 2894 Wodenio
1214 2839 1343 2904 decimus,
1356 2840 1433 2912 cujus
1451 2841 1524 2896 filius

305 2914 417 3009 &aaut
476 2923 651 2988 Sedberhtus,
675 2942 760 2996 nepos
792 2923 943 2980 Ethelberti
973 2923 1044 2993 regis
1070 2923 1290 2990 Cantusriorurn,
1314 2923 1397 2980 fidem
1423 2923 1524 2980 Christi

305 2999 424 3062 ΑΒΜ]
475 3007 602 3081 suscepit,
623 3007 785 3080 praedicente
808 3007 909 3062 Sancto
941 3007 1059 3073 Mellito,
1090 3009 1138 3080 qui
1162 3007 1267 3079 primus
1292 3007 1442 3062 Londoniae
1469 3009 1524 3063 fuit

305 3135 403 3178 sm
444 3093 625 3179 depiscopus.
663 3091 794 3147 Saberhto
824 3097 942 3156 mortuo,
967 3091 1041 3146 filius
1071 3089 1129 3161 eius
1160 3091 1304 3157 Sexi-edus,
1326 3097 1354 3146 et
1381 3090 1523 3147 Scwsrdus

303 3147 443 3280 Sipewaerffl
474 3175 612 3230 Mellitum
639 3177 798 3247 episcopum
820 3173 972 3228 Londoniae
997 3173 1260 3229 christianissimum
1281 3175 1452 3246 expulerunt,
1475 3193 1524 3230 nee

300 3238 326 3281 Α
350 3241 408 3281 '⁶¹⁶'
471 3261 560 3314 multo
581 3265 645 3331 post
677 3277 694 3314 s
717 3259 946 3314 Weatsnxonibus
969 3259 1049 3313 occisi
1072 3257 1225 3330 tyrannidis
1256 3259 1285 3314 in
1314 3258 1455 3314 Christum
1478 3259 1523 3314 de-

301 3373 324 3416 gi
341 3374 424 3420 iberti.
438 3375 457 3418 Ι,
471 3343 542 3399 bites
566 3362 660 3415 poenas
684 3348 870 3415 susceperunt.
908 3341 1061 3398 Succedens
1086 3343 1124 3398 eis
1150 3341 1316 3412 sigebertus,
1340 3350 1522 3414 cognomento

302 3425 328 3468 Α·
352 3429 410 3470 Μ·
471 3426 584 3494 Parvus,
607 3427 725 3484 Sewardi
746 3427 830 3493 filius,
848 3427 960 3482 hortatu
978 3444 1075 3496 regum
1099 3424 1185 3480 Oswii
1207 3431 1235 3482 et
1257 3425 1523 3482 Northnmhnmbro-

469 3529 531 3566 rum
555 3530 572 3566 e
596 3511 709 3567 Finieno
727 3511 854 3582 episcopo
872 3510 1035 3581 baptizatus,
1050 3507 1099 3605 [ad
1116 3508 1213 3581 fidem]
1233 3528 1317 3583 quam
1335 3528 1398 3566 curn
1416 3509 1522 3566 Mellito

469 3595 595 3666 episcopo
614 3595 765 3650 Londoniae
782 3595 933 3665 abjecerant
951 3611 999 3665 per
1018 3611 1177 3664 episcopum
1196 3593 1319 3648 Ceddsm
1336 3593 1453 3660 reduxit,
1473 3597 1521 3666 qui

468 3685 617 3751 postquem
636 3680 752 3750 gloriose
770 3678 991 3734 administretum
1007 3695 1132 3748 regnum,
1151 3677 1297 3748 gloriosius
1316 3677 1386 3732 illud
1403 3678 1520 3752 reliquit.

468 3765 494 3816 A
522 3764 682 3836 propinquis
702 3763 757 3818 snt
780 3763 976 3856 interemptum
1006 3763 1053 3833 qui
1085 3780 1151 3857 cum
1177 3763 1409 3858 interrogarentur
1439 3781 1522 3836 quera

468 3847 520 3902 hoc
541 3849 666 3911 fecerent,
685 3845 885 3942 responderunt
903 3864 932 3900 se
950 3851 1033 3900 ustos
1051 3845 1136 3902 finees
1153 3851 1322 3940 etqimmrcos
1344 3863 1402 3918 regi
1420 3865 1469 3918 pro
1487 3865 1519 3901 eo

469 3931 545 4026 quod
566 3930 708 4026 Essngelu
729 3929 912 4026 praeceptum¹
930 3935 1095 4025 sequeretur,
1120 3929 1246 4024 hostibus
1269 3947 1380 3985 sernum
1403 3935 1522 4026 parceret

468 4020 495 4069 et
518 4015 629 4086 injurias
647 4013 851 4069 obsecrantibus
867 4031 932 4067 mox
951 4012 1106 4078 dimitteret,
1119 4031 1169 4068 nec
1188 4013 1375 4086 delinquentes
1394 4031 1417 4070 si
1435 4032 1521 4085 poem-

301 4103 557 4157 interimeremur
579 4104 678 4169 rugato
699 4102 726 4152 et
763 4115 814 4152 uro
831 4103 912 4192 vntu
933 4115 1034 4169 suspen
1054 4102 1117 4152 eret.
1191 4115 1219 4151 ιιι
1236 4103 1424 4153 successerunt
1475 4100 1521 4154 ui-

325 4163 346 4204 D
646 4096 1504 4194 Ι,(11.1ι1ηΟἸὸι

298 4163 324 4255 ἐξ
339 4167 443 4276 fiffind
468 4182 597 4276 ibelinus,
624 4181 773 4276 Srglienus,
797 4185 824 4235 et
846 4179 926 4276 §rbbr
950 4199 998 4254 qur
1019 4187 1076 4276 erat
1097 4182 1256 4276 religiosum
1286 4182 1400 4278 actibus,
1422 4181 1520 4278 crebris

299 4226 438 4311 Sebn.s.1>.
469 4266 593 4339 precibus
614 4270 642 4320 et
660 4283 711 4337 pne
729 4266 952 4319 eleemosinarum
972 4265 1106 4320 fnrctrbus
1125 4267 1275 4336 plurimum
1293 4270 1417 4320 intentus
1434 4271 1520 4320 vitam

296 4318 341 4359 Μ’
468 4351 602 4422 privatam
614 4354 641 4404 et
664 4347 871 4404 monachicham
894 4349 1000 4404 sunnis
1019 4349 1096 4420 regni
1116 4349 1216 4404 deliciis
1238 4355 1265 4404 et
1283 4348 1433 4405 honoribus
1452 4367 1519 4421 prse-

467 4435 555 4490 ferens
574 4433 725 4488 monachus
752 4433 842 4488 iectus
863 4437 920 4488 est:
946 4437 973 4488 et
999 4439 1093 4505 postes
1120 4433 1166 4488 alii
1184 4439 1342 4506 regnarunt,
1361 4435 1431 4488 inter
1449 4452 1519 4506 quos

293 4519 432 4616 ffuffgff'
468 4517 630 4586 Swefredus‚
643 4522 753 4590 propter
774 4517 964 4588 Evangelium,
983 4535 1098 4573 uxorem
1120 4521 1148 4573 et
1170 4519 1263 4573 omnis
1284 4519 1440 4588 relinquens
1460 4535 1520 4572 mo·

514 4752 521 4781 ¹
534 4749 731 4816 Honptescllire]
770 4747 946 4816 Hamptesbyr.
1049 4749 1204 4813 'Evangelii
1211 4751 1372 4817 preceptum]
1392 4751 1518 4816 Evange'’¹

479 4832 510 4882 B.
1016 4829 1133 4894 precepti.
1151 4829 1182 4880 B.
