3656 5800
607 885 790 936 annocum
812 886 1060 938 maronianum
1287 875 1351 940 289

346 1056 548 1146 Principium
578 1059 648 1146 ejus
678 1059 812 1125 affectui
847 1081 932 1150 vago
969 1060 1157 1128 succumbet
1188 1062 1245 1128 sed
1275 1061 1351 1128 finis
1365 1077 1419 1128 The
1432 1093 1489 1144 pra

301 1160 403 1246 ipsius
425 1162 468 1226 ad
491 1183 625 1251 superos
651 1161 859 1242 convolabit,¹
1363 1145 1485 1262 ffffiinfff

346 1263 534 1331 Renovabit
563 1265 734 1334 beatorum
776 1266 868 1332 sedes
897 1287 956 1353 par
985 1265 1109 1354 patriae
1140 1271 1175 1332 ot
1204 1271 1350 1355 pastores

299 1360 335 1430 in
357 1368 508 1454 congruis
530 1368 609 1434 locis
630 1369 760 1452 locabit,

345 1468 436 1534 Duae
465 1470 564 1536 urbes
594 1471 723 1536 duobus
752 1471 859 1558 palliis
889 1469 1006 1536 induet
1036 1475 1071 1538 et
1098 1472 1248 1559 virginea
1279 1495 1349 1538 mu-

298 1591 378 1635 nera
399 1571 585 1658 virginibus
608 1573 767 1654 donabit;

343 1673 587 1742 Promerebitur
615 1669 692 1742 inde
715 1675 861 1741 favorem
891 1676 1039 1742 tonantis
1062 1681 1096 1742 et
1119 1676 1206 1743 inter
1235 1677 1349 1743 beatos

299 1775 519 1843 collocabitur.

343 1879 539 1966 Egredietur
576 1902 618 1947 ex
657 1880 717 1946 θοΕ
754 1881 840 1967 lynx
877 1885 1052 1968 penetrans
1084 1884 1202 1961 omnia,
1235 1883 1348 1970 quod³

297 1981 400 2047 ruinae
423 1983 533 2068 gentis
555 1983 685 2070 proprie
708 1983 918 2066 imminebit;

342 2083 405 2150 Per
430 2085 522 2150 illam
546 2086 634 2151 enim
664 2091 839 2172 utramque
859 2087 1001 2152 insulam
1024 2089 1159 2154 amittet
1189 2087 1347 2157 Naustric

296 2190 331 2253 et
353 2185 493 2274 pristina
515 2188 678 2275 dignitate
702 2189 909 2276 spoliabitur.

341 2289 469 2355 Deinde
490 2296 700 2358 revertentur
722 2292 810 2358 cives
833 2291 869 2357 in
892 2291 1043 2375 insulam,
1069 2316 1147 2360 nam
1172 2293 1345 2362 discidium

295 2391 554 2480 alienigenarum
576 2395 710 2476 orietur,

341 2494 468 2562 Nireus
495 2519 624 2584 quoque
653 2518 754 2564 aenan
784 2497 819 2562 in
846 2497 944 2564 niveo
968 2519 1053 2585 equo
1083 2498 1226 2564 fluvium
1255 2500 1347 2567 Piro-

295 2597 348 2664 nis
374 2596 526 2680 divertat,
550 2605 585 2666 et
614 2621 689 2667 cum
711 2599 851 2666 candida
877 2600 972 2688 virga
997 2601 1221 2667 molendinum
1248 2625 1346 2691 super

295 2700 403 2788 ipsum
426 2702 615 2784 metebitur,

341 2803 602 2871 Kodwaladnm⁴
644 2804 815 2874 (lenonum
846 2804 985 2888 vocabit,
1024 2811 1059 2873 et
1091 2803 1269 2874 Albaniam
1310 2809 1345 2873 in

294 2907 484 2976 societatem
511 2907 657 2995 accipiet.

339 3009 432 3078 'l'uno
454 3011 518 3078 erit
540 3015 664 3099 strages
684 3009 945 3098 alienigenarum
968 3013 1002 3075 et
1022 3009 1162 3076 flumina
1184 3013 1345 3101 sanguine

172 3191 176 3200 ¹
296 3113 489 3192 manabunt,

341 3213 436 3281 Tunc
458 3219 633 3303 erumpent
647 3215 811 3282 Armenici
834 3219 963 3281 montes
989 3220 1024 3280 et
1040 3214 1223 3281 diademate
1248 3216 1345 3282 Bruti

295 3319 546 3398 coronabuntur,

341 3420 534 3508 Replebitnr
574 3417 758 3487 Kambria⁶
790 3419 910 3486 laetitia
948 3423 983 3485 et
1012 3420 1130 3486 robor'a
1168 3419 1343 3488 Oornubiae

295 3523 471 3602 virescent,

340 3625 482 3692 Nomine
523 3625 620 3691 Bruti
653 3623 826 3693 vocabitur
854 3624 964 3690 insula
993 3624 1027 3692 et
1057 3625 1258 3714 nuncupatio
1289 3647 1344 3690 ex·

294 3733 483 3796 truncorum
513 3727 642 3815 peribit.

339 3831 392 3898 Ex
420 3829 555 3897 Oonano
582 3830 757 3918 procedet⁶
771 3851 849 3918 aper
874 3831 1044 3896 bellicosus
1069 3831 1125 3916 qui
1156 3829 1243 3896 infra
1266 3829 1343 3896 Gal·

293 3935 401 4002 licana
422 3955 557 4000 nemora
577 3955 715 4000 acumen
738 3935 888 3999 dentium
911 3955 1044 3999 suorum
1068 3939 1215 4012 exacuet,

338 4037 519 4104 Truncabit
548 4059 691 4124 namque
726 4059 864 4124 quaeque
893 4037 1020 4124 majora
1049 4037 1175 4115 robora,
1208 4035 1343 4101 minori-

295 4139 357 4209 bus
383 4161 462 4208 vero
493 4140 633 4209 tutelam
663 4141 853 4230 praestabit3

294 4380 810 4391 -----—-—-—--...--...—-—-

325 4545 498 4611 'Princrpinm
532 4581 707 4597 .....
737 4561 793 4594 con·
875 4540 1093 4608 *chwaladrus]
1107 4539 1344 4593 Oadualaradna.B.

294 4621 394 4690 volabit]
414 4639 462 4675 om.
497 4626 529 4676 1).
843 4623 1023 4674 Cadunladrue.
1057 4619 1089 4672 D.

325 4703 425 4769 ”eracl
443 4720 493 4754 om.
527 4706 558 4754 Β.
877 4701 1102 4766 ’Νοῐιίιιωατ3.
1136 4702 1170 4752 Ι).

326 4780 421 4846 'cuod
440 4799 503 4846 nuoe.
537 4784 601 4838 Bc).
877 4781 1020 4847 ⁸precare]
1039 4781 1168 4844 praeca
1204 4780 1268 4828 nn.

382 4877 457 4925 3012.
482 4878 517 4927 11.
1190 4877 1212 4922 Τ
