3656 5800
603 909 786 960 nunoorun
809 907 1060 962 srsroarrsun.
1287 895 1353 970 253

306 1105 386 1150 nero
417 1081 482 1148 diis
507 1081 595 1148 suis¹
628 1082 843 1163 obtulerunt;
880 1105 959 1149 mox
985 1105 1059 1150 oum
1096 1084 1160 1150 diis
1196 1084 1356 1150 libamina

305 1185 501 1253 obtulissent
522 1185 704 1252 refeoemnt
725 1207 759 1252 se
781 1186 921 1252 residuis
943 1185 1056 1273 epulis,
1070 1192 1109 1252 ut
1131 1189 1167 1252 in
1190 1187 1357 1253 sacrifieiis

304 1289 378 1354 fieri
407 1287 579 1354 solebant.2
625 1288 756 1354 Ultimo
783 1310 863 1354 vero
893 1289 959 1354 illis
990 1289 1077 1356 ludis
1107 1289 1357 1377 indulgentibus

305 1391 447 1477 contigit
468 1390 610 1478 inclytos
619 1391 767 1478 juvenes,
782 1413 921 1477 quorum
943 1414 1029 1458 unus
1043 1413 1145 1480 nepos
1167 1397 1238 1458 erat
1260 1393 1355 1478 regis,

305 1495 389 1561 alter
425 1515 505 1560 vero
542 1515 644 1581 nepos
676 1494 853 1580 Androgei,
878 1495 914 1560 in
959 1495 1114 1583 palaestrs
1150 1496 1356 1562 contendere.

306 1597 438 1663 Nomen
475 1619 553 1662 vero
595 1597 725 1684 nepotis
766 1597 854 1684 regis
894 1597 1082 1685 Hirenglas‚
1114 1599 1250 1665 alterius
1279 1619 1358 1666 vero

307 1699 465 1768 Euelinus
477 1724 486 1780 ;
524 1700 581 1786 qui
626 1699 687 1766 ut³
725 1705 896 1779 certarent,
935 1722 1037 1788 nepos
1066 1701 1157 1766 dueis
1195 1701 1359 1789 Androgii

306 1808 404 1890 eaput
433 1803 562 1889 nepotis
586 1803 672 1890 regis
701 1803 894 1888 amputavit.
942 1803 1015 1884 Quo
1037 1803 1209 1872 interiecto
1232 1811 1359 1892 pertur-

262 1991 266 1998 ‚
305 1903 402 1972 bata⁴
432 1905 601 1986 estensis,
625 1909 659 1970 et
681 1925 793 1970 rumor
815 1906 858 1970 od
881 1906 1194 1974 Cassibaliannum⁶
1223 1909 1357 1974 volavit.

308 2009 501 2076 Commotus
523 2029 601 2094 ergo
623 2029 683 2073 rex
706 2029 804 2094 super
826 2029 938 2074 casum
959 2009 1089 2096 nepotis
1113 2012 1164 2077 sui
1182 2010 1360 2099 Androgeo

306 2111 463 2198 praecepit
492 2117 532 2176 ut
554 2108 753 2178 Ouelinurn⁶
782 2109 818 2176 in
848 2110 938 2178 ouria
960 2133 1069 2178 eoram
1093 2113 1163 2200 ejus
1185 2115 1361 2202 praesentia

310 2213 494 2280 adduoeret.

356 2315 504 2402 (lamque
537 2314 686 2382 animum
722 2314 811 2402 regis
844 2315 1028 2384 dubitasset
1065 2318 1269 2408 Androgeus,
1311 2343 1361 2388 re·

306 2419 458 2506 spondit:
491 2417 626 2484 Curiam
654 2417 761 2484 hebeo
790 2422 825 2483 et
846 2419 882 2483 in
912 2419 970 2485 illa
991 2421 1123 2487 definiri
1145 2424 1244 2490 debet
1273 2427 1362 2511 quio·

309 2521 389 2607 quid
418 2521 539 2608 aliquis
577 2521 613 2586 in
651 2520 799 2586 homines
829 2541 910 2586 suos
939 2522 1101 2590 clamaret
1157 2525 1230 2592 Rex
1258 2527 1362 2614 igitur

308 2645 383 2690 eum
414 2623 617 2711 propositum
648 2645 744 2688 suum
774 2622 979 2710 nequivisset
1002 2627 1156 2713 perfioere
1186 2630 1361 2719 Androgeo

306 2727 526 2792 comminatus
542 2732 599 2805 est,
616 2723 768 2792 testons⁷
790 2747 824 2791 se
839 2725 925 2792 ferro
949 2731 984 2794 et
1003 2729 1137 2796 flamma
1160 2734 1362 2818 provinciam

306 2851 400 2895 suam
435 2825 697 2916 populaturum.⁸
757 2827 957 2915 Indignatus
997 2831 1193 2920 Androgeus
1231 2837 1362 2903 distulit

307 2931 464 3018 petitioni
486 2931 574 3017 regis
596 2951 720 3017 parere,
737 2930 826 3016 quod
848 2953 909 2997 rex
932 2933 1049 3000 videns
1071 2938 1265 3006 aooelerovit
1286 2963 1361 3027 pro-

309 3034 436 3100 tineias
473 3034 543 3120 ejus
578 3031 731 3099 uastare.⁹
789 3032 840 3099 At
869 3035 1065 3124 Androgeus
1106 3061 1166 3126 per
1201 3048 1298 3108 notos
1328 3049 1362 3110 et

308 3141 466 3223 cognatos
510 3135 768 3201 misericordiam
809 3137 896 3223 regis
936 3138 1092 3226 flagitans
1132 3144 1224 3209 nullo
1264 3147 1362 3213 modo

311 3239 423 3326 potuit
435 3237 459 3277 ¹⁰
482 3239 655 3324 ooquirere
702 3237 749 3303 Et
771 3259 846 3304 eum
868 3237 1012 3306 furorem
1028 3242 1098 3328 ejus
1119 3245 1273 3334 mitigare
1295 3271 1361 3315 non

307 3342 469 3428 quivisset
507 3342 652 3408 diversas
693 3340 926 3408 meditationes
962 3343 1063 3410 inivit
1079 3343 1099 3382 ¹¹
1142 3349 1284 3433 qualiter
1312 3351 1362 3416 illi

308 3445 460 3511 resistere
485 3444 653 3526 valuisset.
700 3443 854 3530 Denique
873 3444 917 3510 ab
933 3447 1024 3511 omni
1047 3448 1113 3514 alia
1132 3471 1190 3536 spe
1210 3452 1362 3520 decidens

309 3547 466 3613 auxilium
486 3544 509 3584 ¹²
556 3545 695 3613 Caesaris
739 3545 931 3632 oppetere¹³
975 3550 1207 3632 decrevisset‚¹⁴
1250 3555 1363 3624 literas

307 3655 436 3720 sunsei
461 3652 653 3732 transmisit,
675 3653 716 3718 de
738 3651 861 3738 injuria
884 3654 971 3741 regis
997 3659 1226 3744 conquirendo.

355 3757 476 3823 Litoris
498 3756 656 3843 inspeetis
679 3755 842 3822 consuluit
858 3755 970 3824 Osesar
991 3781 1065 3826 erun
1087 3763 1154 3828 suis
1176 3766 1264 3850 quod
1288 3767 1361 3833 Bri-

309 3860 458 3926 tanniam
481 3881 549 3924 non
572 3857 679 3923 adiret
701 3857 767 3923 nisi
782 3857 865 3924 tales
888 3860 1020 3928 obsides
1042 3863 1185 3932 misisset
1195 3866 1220 3904 ¹⁶
1243 3871 1362 3956 quibus

344 4121 425 4188 rm]
444 4136 494 4172 om,
528 4120 559 4171 Β,
894 4123 1026 4192 'emtareJ
1045 4127 1182 4181 devastare.
1216 4131 1246 4182 Β.

339 4203 478 4351 :affini
497 4203 599 4332 sopore
632 4201 698 4253 RD·
894 4229 1013 4296 spons]
1033 4231 1111 4284 inam.
1145 4237 1201 4287 ma.
1219 4235 1284 4289 sn.

362 4302 378 4334 u
439 4298 489 4334 Um.
550 4320 556 4332 .

342 4361 517 4428 ‘perturbem
541 4361 648 4411 turbata
682 4359 715 4410 D.
893 4333 1090 4404 1ιὺΜ’]ἰῑιῇῑ·
1123 4337 1189 4392 3⁸⁰·

342 4439 595 4506 ‘Carsibaliaaauffl
656 4438 815 4491 Cassibalau·
893 4441 1055 4510 naussum]
1091 4445 1203 4498 Written
1230 4464 1298 4514 upon
1330 4465 1362 4501 sn

310 4535 379 4570 num.
414 4518 481 4570 B.D.
861 4534 962 4572 erasure
979 4521 1005 4571 in
1018 4523 1052 4574 A.

340 4597 506 4664 Ὀιιεῖἱηυπι]
524 4597 670 4650 Ebelinum.
704 4599 771 4650 RD.

341 4677 465 4743 ἰεεωηε]
484 4685 635 4729 contestans.
669 4677 703 4729 D.
1013 4735 1017 4746 ,

339 4755 542 4824 walatam]
586 4747 726 4822 ppohmffi·
770 4757 804 4809 A·
893 4731 1078 4799 ¹⁸deoreorsset]
1097 4735 1218 4789 decrerit.
1252 4739 1317 4790 RD.

306 4837 520 4903 depopulaturum.
554 4837 621 4894 Bp.
890 4837 1035 4905 15ηιιέἰειεεὶ]
1053 4841 1170 4892 mitteret.
1203 4842 1269 4893 B.D.

894 4625 912 4655 ¹⁸
923 4627 1051 4695 appetere]
1070 4629 1211 4694 impetrare.
1245 4633 1310 4684 B.D.
