3674 5800
611 923 793 978 uunoonm
815 919 1067 976 mssoameuu.
1319 905 1361 974 99

311 1095 386 1164 dem
416 1097 539 1186 frigida
567 1098 621 1164 et¹
653 1099 697 1164 ad
728 1097 874 1165 finctum
907 1097 1124 1186 gignendum
1142 1093 1254 1162 minus
1276 1105 1362 1183 apta.
1376 1117 1529 1174 ofAsturia.

311 1200 496 1267 Abundant
532 1201 580 1266 ibi
617 1199 771 1266 milium⁹
809 1204 844 1268 et
881 1205 1042 1267 castaneae
1080 1221 1181 1287 supra
1219 1199 1362 1265 modum

312 1303 439 1370 Crescit
460 1303 509 1369 ibi
531 1303 657 1370 multus
688 1304 815 1370 fruetus
848 1304 1013 1385 arborum,
1046 1307 1081 1370 et
1113 1303 1211 1389 plura
1241 1323 1363 1390 genera

310 1427 491 1494 pomorum,
524 1407 614 1472 unde
644 1405 716 1472 loeo
748 1405 822 1472 vini
852 1405 980 1473 faoiunt
1014 1405 1061 1472 eis
1090 1409 1213 1494 potum
1269 1403 1363 1470 Feris

310 1509 517 1576 silvestribus
538 1513 573 1576 et
595 1507 782 1576 domesticis
804 1507 984 1597 pecudibus
1006 1512 1085 1574 sunt
1106 1509 1255 1596 opulenti
1265 1532 1275 1588 3
1305 1531 1362 1595 po-

310 1611 407 1698 pulus
428 1611 627 1699 generaliter
649 1616 700 1678 est
723 1611 827 1700 agilis,
851 1612 976 1694 hilaris,
997 1633 1077 1680 vooe
1099 1631 1227 1689 canora,
1251 1611 1362 1677 animo

306 1713 494 1800 jocunda;⁸
533 1716 674 1802 populus
711 1716 748 1780 in
786 1715 914 1802 proeliis
947 1714 1112 1796 militaris,
1155 1717 1293 1780 staturae
1328 1719 1363 1779 et

311 1815 425 1884 formos
448 1817 616 1906 elegantis.
672 1817 729 1886 Ad
758 1817 958 1905 loquendum
984 1839 1117 1906 procax,
1146 1821 1182 1884 et
1211 1818 1255 1883 asi
1279 1816 1362 1883 deri-

312 1919 457 1986 dendum
479 1920 595 1988 libens.

718 2204 798 2273 Gan.
822 2205 957 2274 CXXX.

707 2394 758 2461 Do
780 2391 975 2482 Arupoaa'o.

357 2583 555 2649 Amoenus
597 2583 770 2671 provincia
808 2587 859 2650 est
902 2584 939 2648 in
975 2583 1150 2672 Hispania,
1188 2583 1297 2650 vineis
1330 2587 1365 2649 et
1379 2595 1417 2674 or
1430 2593 1529 2660 Arago-

313 2687 463 2775 frugibus
486 2685 649 2769 foeeunda,
673 2686 823 2753 fontibus
845 2691 880 2753 et
911 2687 1025 2753 fluviis
1047 2687 1181 2775 irrigua,
1213 2688 1256 2752 ab
1274 2677 1427 2751 Ano-¹²¹³·

313 2790 423 2880 gothis
449 2789 645 2857 inhabitata
692 2789 781 2858 Gens
804 2790 893 2856 enim
917 2789 1103 2857 Gothorum
1125 2791 1175 2856 ibi
1197 2789 1366 2878 quondam

314 2889 547 2974 habitabant,⁴
579 2892 668 2958 unde
707 2891 881 2981 Aragonia
910 2893 1006 2982 quasi
1038 2893 1226 2982 Aragothia
1255 2893 1366 2959 vocati

314 3000 393 3063 suni
405 3021 414 3079 3
450 3017 550 3082 quam
582 2993 718 3086 perfluit
752 2995 870 3063 Hib1is
899 2995 1022 3066 fluvius
1044 3019 1065 3064 a
1087 3019 1153 3086 quo
1176 2996 1367 3086 metropolis

315 3099 515 3167 nominatur.
877 3095 879 3102 ⁴

707 3378 788 3448 Osa.
814 3379 971 3448 CXXXI.

699 3554 751 3622 Da
772 3553 981 3622 Froaooaa'a

361 3729 571 3800 FRANOONIA
605 3729 790 3801 Germania
827 3737 878 3800 est
900 3732 1080 3822 provincia,
1114 3757 1135 3802 a
1166 3735 1303 3806 Francis
1332 3736 1368 3804 in
1381 3743 1511 3824 Osm-

317 3855 357 3900 ea
378 3832 612 3904 habitantibus
634 3835 685 3903 ita
698 3836 878 3916 nominata,
895 3837 988 3925 eujus
1010 3839 1201 3927 metropolis
1223 3845 1275 3908 est
1298 3841 1368 3908 Ha·
1381 3825 1461 3864 ⁰⁰³¹*

316 3936 471 4025 liopolis‚⁶
490 3939 556 4006 sita
577 3960 676 4026 super
698 3961 830 4006 amnem
857 3939 1015 4030 Mogum5
1044 3941 1242 4010 oboriente
1265 3943 1368 4012 babet

315 4039 542 4130 Thuringiam,
564 4063 586 4108 a
601 4041 742 4112 Meridie
764 4043 969 4126 Danubium,
990 4044 1033 4112 ab
1057 4045 1184 4114 Ooeasu
1206 4045 1367 4128 Sassiam,

315 4165 336 4209 a
370 4143 605 4230 septentrione
640 4145 849 4215 Rhonensem
882 4148 1095 4236 provinciam,
1119 4151 1213 4237 eujus
1246 4156 1367 4218 metro·

316 4247 400 4334 polis
422 4252 474 4314 est
496 4247 682 4335 Maguntia,
705 4249 771 4316 sita
798 4271 897 4338 super
929 4251 1092 4334 Rhenum,
1126 4275 1225 4340 quem
1248 4253 1368 4342 Magus

316 4349 491 4416 subintrat.
537 4349 599 4420 Εεὴ
624 4355 737 4420 autem
770 4356 860 4420 terra
890 4353 1041 4436 vinifera,
1075 4353 1244 4443 frugifera,
1274 4357 1368 4424 silvis

317 4451 442 4532 deeora,
465 4457 501 4518 et
522 4452 703 4540 plurimum
725 4455 894 4542 populosa.
942 4455 1018 4522 Hoo
1043 4455 1188 4526 Orosius.

349 4695 406 4763 ιοὴ]
424 4713 474 4748 om.
508 4698 540 4751 B.
899 4699 1076 4770 ‘habitatam
1094 4701 1228 4756 habitabas
1261 4703 1293 4755 B.

350 4775 475 4844 'milium]
493 4777 607 4830 mulium.
641 4779 672 4832 B.

350 4854 488 4924 ’josuam
507 4871 571 4912 sorr.
584 4858 703 4924 jocundo.
