<?xml version="1.0" encoding="UTF-8"?>
<!DOCTYPE html PUBLIC "-//W3C//DTD XHTML 1.0 Transitional//EN"
    "http://www.w3.org/TR/xhtml1/DTD/xhtml1-transitional.dtd">
<html xmlns="http://www.w3.org/1999/xhtml" xml:lang="en" lang="en">
 <head>
  <title>
</title>
<meta http-equiv="Content-Type" content="text/html;charset=utf-8" />
  <meta name='ocr-system' content='tesseract 3.04.00' />
  <meta name='ocr-capabilities' content='ocr_page ocr_carea ocr_par ocr_line ocrx_word'/>
</head>
<body>
  <div class='ocr_page' id='page_1' title='image "./eulogiumhistori00haydgoog_0193.png"; bbox 0 0 3674 5800; ppageno 0'>
   <div class='ocr_carea' id='block_1_1' title="bbox 637 865 1391 929">
    <p class='ocr_par' dir='ltr' id='par_1_1' title="bbox 637 865 1391 929">
     <span class='ocr_line' id='line_1_1' title="bbox 637 865 1391 929; baseline 0 -1"><span class='ocrx_word' id='word_1_1' title='bbox 637 877 819 929; x_wconf 81' lang='lat' dir='ltr'><strong>uunoomu</strong></span> <span class='ocrx_word' id='word_1_2' title='bbox 842 873 1090 928; x_wconf 78' lang='lat' dir='ltr'><strong>ursmaresuu.</strong></span> <span class='ocrx_word' id='word_1_3' title='bbox 1327 865 1391 928; x_wconf 84' lang='lat'><strong>105</strong></span> 
     </span>
    </p>
   </div>
   <div class='ocr_carea' id='block_1_2' title="bbox 746 1159 995 1227">
    <p class='ocr_par' dir='ltr' id='par_1_2' title="bbox 746 1159 995 1227">
     <span class='ocr_line' id='line_1_2' title="bbox 746 1159 995 1227; baseline 0 -1"><span class='ocrx_word' id='word_1_4' title='bbox 746 1159 825 1226; x_wconf 72' lang='lat' dir='ltr'><strong>(Ila.</strong></span> <span class='ocrx_word' id='word_1_5' title='bbox 850 1159 995 1227; x_wconf 81' lang='lat' dir='ltr'>CXLII.</span> 
     </span>
    </p>
   </div>
   <div class='ocr_carea' id='block_1_3' title="bbox 744 1323 992 1392">
    <p class='ocr_par' dir='ltr' id='par_1_3' title="bbox 744 1323 992 1392">
     <span class='ocr_line' id='line_1_3' title="bbox 744 1323 992 1392; baseline 0.012 -3"><span class='ocrx_word' id='word_1_6' title='bbox 744 1326 796 1390; x_wconf 87' lang='lat' dir='ltr'><strong>De</strong></span> <span class='ocrx_word' id='word_1_7' title='bbox 824 1323 992 1392; x_wconf 70' lang='lat' dir='ltr'><strong>Pictoris.</strong></span> 
     </span>
    </p>
   </div>
   <div class='ocr_carea' id='block_1_4' title="bbox 342 1477 1537 3501">
    <p class='ocr_par' dir='ltr' id='par_1_4' title="bbox 342 1477 1537 3501">
     <span class='ocr_line' id='line_1_4' title="bbox 391 1477 1537 1574; baseline 0.003 -32"><span class='ocrx_word' id='word_1_8' title='bbox 391 1477 560 1544; x_wconf 76' lang='lat' dir='ltr'><strong>Plcrlvla</strong></span> <span class='ocrx_word' id='word_1_9' title='bbox 589 1478 707 1550; x_wconf 83' lang='lat' dir='ltr'><strong>Galliae</strong></span> <span class='ocrx_word' id='word_1_10' title='bbox 743 1477 969 1544; x_wconf 84' lang='lat' dir='ltr'><strong>Narbonensis</strong></span> <span class='ocrx_word' id='word_1_11' title='bbox 1003 1483 1054 1544; x_wconf 86' lang='lat' dir='ltr'><strong>est</strong></span> <span class='ocrx_word' id='word_1_12' title='bbox 1083 1479 1264 1567; x_wconf 88' lang='lat' dir='ltr'><strong>provincia,</strong></span> <span class='ocrx_word' id='word_1_13' title='bbox 1295 1497 1395 1568; x_wconf 89' lang='lat' dir='ltr'><strong>quam</strong></span> <span class='ocrx_word' id='word_1_14' title='bbox 1409 1493 1537 1574; x_wconf 57' lang='lat' dir='ltr'><strong>(Irrita-</strong></span> 
     </span>
     <span class='ocr_line' id='line_1_5' title="bbox 344 1577 1456 1672; baseline 0 -27"><span class='ocrx_word' id='word_1_15' title='bbox 344 1579 438 1661; x_wconf 87' lang='lat' dir='ltr'><strong>Picti,</strong></span> <span class='ocrx_word' id='word_1_16' title='bbox 469 1580 584 1669; x_wconf 83' lang='lat' dir='ltr'><strong>Angli,</strong></span> <span class='ocrx_word' id='word_1_17' title='bbox 607 1581 714 1648; x_wconf 85' lang='lat' dir='ltr'><strong>Scotti</strong></span> <span class='ocrx_word' id='word_1_18' title='bbox 743 1581 879 1668; x_wconf 84' lang='lat' dir='ltr'><strong>navigio</strong></span> <span class='ocrx_word' id='word_1_19' title='bbox 903 1582 1101 1672; x_wconf 87' lang='lat' dir='ltr'><strong>impetentes</strong></span> <span class='ocrx_word' id='word_1_20' title='bbox 1128 1582 1317 1670; x_wconf 86' lang='lat' dir='ltr'><strong>antiquitus</strong></span> <span class='ocrx_word' id='word_1_21' title='bbox 1344 1577 1456 1646; x_wconf 58' lang='lat' dir='ltr'><strong>in-W‘</strong></span> 
     </span>
     <span class='ocr_line' id='line_1_6' title="bbox 342 1682 1396 1774; baseline 0.001 -27"><span class='ocrx_word' id='word_1_22' title='bbox 342 1682 586 1764; x_wconf 86' lang='lat' dir='ltr'><strong>habitaverunt,</strong></span> <span class='ocrx_word' id='word_1_23' title='bbox 629 1689 664 1751; x_wconf 91' lang='lat' dir='ltr'><strong>et</strong></span> <span class='ocrx_word' id='word_1_24' title='bbox 701 1684 838 1751; x_wconf 86' lang='lat' dir='ltr'><strong>tandem</strong></span> <span class='ocrx_word' id='word_1_25' title='bbox 875 1685 1002 1774; x_wconf 79' lang='lat' dir='ltr'><strong>regioni</strong></span> <span class='ocrx_word' id='word_1_26' title='bbox 1046 1691 1081 1752; x_wconf 87' lang='lat' dir='ltr'><strong>et</strong></span> <span class='ocrx_word' id='word_1_27' title='bbox 1124 1685 1217 1774; x_wconf 84' lang='lat' dir='ltr'><strong>genti</strong></span> <span class='ocrx_word' id='word_1_28' title='bbox 1255 1706 1299 1750; x_wconf 84' lang='lat' dir='ltr'><strong>ex</strong></span> <span class='ocrx_word' id='word_1_29' title='bbox 1336 1705 1396 1749; x_wconf 80' lang='lat' dir='ltr'><strong>aua</strong></span> 
     </span>
     <span class='ocr_line' id='line_1_7' title="bbox 343 1786 1396 1876; baseline 0 -25"><span class='ocrx_word' id='word_1_30' title='bbox 343 1787 483 1874; x_wconf 87' lang='lat' dir='ltr'><strong>antiqua</strong></span> <span class='ocrx_word' id='word_1_31' title='bbox 508 1787 662 1875; x_wconf 79' lang='lat' dir='ltr'>prosapia</span> <span class='ocrx_word' id='word_1_32' title='bbox 691 1809 812 1854; x_wconf 89' lang='lat' dir='ltr'><strong>nomen</strong></span> <span class='ocrx_word' id='word_1_33' title='bbox 834 1788 1027 1875; x_wconf 88' lang='lat' dir='ltr'><strong>impositum</strong></span> <span class='ocrx_word' id='word_1_34' title='bbox 1050 1789 1264 1876; x_wconf 91' lang='lat' dir='ltr'><strong>reliquerunt.</strong></span> <span class='ocrx_word' id='word_1_35' title='bbox 1321 1786 1396 1852; x_wconf 87' lang='lat' dir='ltr'><strong>Hoc</strong></span> 
     </span>
     <span class='ocr_line' id='line_1_8' title="bbox 346 1888 1396 1980; baseline 0.002 -27"><span class='ocrx_word' id='word_1_36' title='bbox 346 1888 544 1956; x_wconf 86' lang='lat' dir='ltr'><strong>Herodotus</strong></span> <span class='ocrx_word' id='word_1_37' title='bbox 625 1889 803 1958; x_wconf 79' lang='lat' dir='ltr'>Provincia</span> <span class='ocrx_word' id='word_1_38' title='bbox 844 1889 936 1958; x_wconf 81' lang='lat' dir='ltr'><strong>haec¹</strong></span> <span class='ocrx_word' id='word_1_39' title='bbox 980 1913 1039 1978; x_wconf 89' lang='lat' dir='ltr'><strong>per</strong></span> <span class='ocrx_word' id='word_1_40' title='bbox 1075 1891 1213 1980; x_wconf 86' lang='lat' dir='ltr'><strong>longum</strong></span> <span class='ocrx_word' id='word_1_41' title='bbox 1252 1888 1396 1956; x_wconf 73' lang='lat' dir='ltr'><strong>oceani²</strong></span> 
     </span>
     <span class='ocr_line' id='line_1_9' title="bbox 343 1991 1399 2081; baseline -0.003 -24"><span class='ocrx_word' id='word_1_42' title='bbox 343 1991 518 2078; x_wconf 80' lang='lat' dir='ltr'><strong>porrecta⁸</strong></span> <span class='ocrx_word' id='word_1_43' title='bbox 553 2013 667 2059; x_wconf 88' lang='lat' dir='ltr'><strong>versus</strong></span> <span class='ocrx_word' id='word_1_44' title='bbox 716 1992 895 2060; x_wconf 78' lang='lat' dir='ltr'><strong>Turonium</strong></span> <span class='ocrx_word' id='word_1_45' title='bbox 939 2015 1039 2080; x_wconf 90' lang='lat' dir='ltr'><strong>quam</strong></span> <span class='ocrx_word' id='word_1_46' title='bbox 1083 1993 1220 2081; x_wconf 85' lang='lat' dir='ltr'><strong>perfluit</strong></span> <span class='ocrx_word' id='word_1_47' title='bbox 1270 1991 1399 2079; x_wconf 80' lang='lat' dir='ltr'>Ligeris</span> 
     </span>
     <span class='ocr_line' id='line_1_10' title="bbox 344 2093 1535 2183; baseline 0.001 -24"><span class='ocrx_word' id='word_1_48' title='bbox 344 2093 475 2176; x_wconf 79' lang='lat' dir='ltr'><strong>fluvius.</strong></span> <span class='ocrx_word' id='word_1_49' title='bbox 521 2094 636 2162; x_wconf 89' lang='lat' dir='ltr'><strong>Habet</strong></span> <span class='ocrx_word' id='word_1_50' title='bbox 660 2095 704 2162; x_wconf 92' lang='lat' dir='ltr'><strong>ab</strong></span> <span class='ocrx_word' id='word_1_51' title='bbox 726 2095 863 2163; x_wconf 88' lang='lat' dir='ltr'><strong>Oriente</strong></span> <span class='ocrx_word' id='word_1_52' title='bbox 887 2095 1063 2183; x_wconf 85' lang='lat' dir='ltr'><strong>Hispanos,</strong></span> <span class='ocrx_word' id='word_1_53' title='bbox 1086 2118 1107 2161; x_wconf 87' lang='lat' dir='ltr'><strong>a</strong></span> <span class='ocrx_word' id='word_1_54' title='bbox 1133 2095 1276 2162; x_wconf 81' lang='lat' dir='ltr'><strong>Meridie</strong></span> <span class='ocrx_word' id='word_1_55' title='bbox 1298 2094 1399 2161; x_wconf 90' lang='lat' dir='ltr'><strong>Ocea·</strong></span> <span class='ocrx_word' id='word_1_56' title='bbox 1529 2093 1535 2110; x_wconf 84' lang='lat'><strong><em>¹</em></strong></span> 
     </span>
     <span class='ocr_line' id='line_1_11' title="bbox 344 2197 1397 2286; baseline -0.001 -24"><span class='ocrx_word' id='word_1_57' title='bbox 344 2219 425 2262; x_wconf 91' lang='lat' dir='ltr'><strong>num</strong></span> <span class='ocrx_word' id='word_1_58' title='bbox 448 2197 687 2280; x_wconf 89' lang='lat' dir='ltr'><strong>Britannicum,</strong></span> <span class='ocrx_word' id='word_1_59' title='bbox 715 2199 759 2264; x_wconf 90' lang='lat' dir='ltr'><strong>ab</strong></span> <span class='ocrx_word' id='word_1_60' title='bbox 789 2198 958 2286; x_wconf 86' lang='lat' dir='ltr'><strong>Aquilone</strong></span> <span class='ocrx_word' id='word_1_61' title='bbox 990 2199 1154 2266; x_wconf 83' lang='lat' dir='ltr'><strong>Minorem</strong></span> <span class='ocrx_word' id='word_1_62' title='bbox 1180 2197 1397 2272; x_wconf 75' lang='lat' dir='ltr'><strong>Britanniam,</strong></span> 
     </span>
     <span class='ocr_line' id='line_1_12' title="bbox 345 2297 1399 2388; baseline 0 -23"><span class='ocrx_word' id='word_1_63' title='bbox 345 2300 387 2366; x_wconf 89' lang='lat' dir='ltr'><strong>ab</strong></span> <span class='ocrx_word' id='word_1_64' title='bbox 422 2300 600 2368; x_wconf 79' lang='lat' dir='ltr'><strong>Occidente</strong></span> <span class='ocrx_word' id='word_1_65' title='bbox 634 2301 754 2368; x_wconf 86' lang='lat' dir='ltr'><strong>Sinum</strong></span> <span class='ocrx_word' id='word_1_66' title='bbox 776 2300 1048 2388; x_wconf 85' lang='lat' dir='ltr'><strong>Aquitannicum.</strong></span> <span class='ocrx_word' id='word_1_67' title='bbox 1104 2301 1187 2368; x_wconf 84' lang='lat' dir='ltr'><strong>Haec</strong></span> <span class='ocrx_word' id='word_1_68' title='bbox 1205 2297 1399 2388; x_wconf 83' lang='lat' dir='ltr'><strong>provincia⁴</strong></span> 
     </span>
     <span class='ocr_line' id='line_1_13' title="bbox 346 2401 1399 2490; baseline -0.003 -22"><span class='ocrx_word' id='word_1_69' title='bbox 346 2403 499 2469; x_wconf 88' lang='lat' dir='ltr'><strong>omnibus</strong></span> <span class='ocrx_word' id='word_1_70' title='bbox 525 2403 622 2469; x_wconf 87' lang='lat' dir='ltr'><strong>bonis</strong></span> <span class='ocrx_word' id='word_1_71' title='bbox 654 2401 812 2484; x_wconf 77' lang='lat' dir='ltr'><strong>referta,⁶</strong></span> <span class='ocrx_word' id='word_1_72' title='bbox 830 2405 931 2469; x_wconf 87' lang='lat' dir='ltr'><strong>maris</strong></span> <span class='ocrx_word' id='word_1_73' title='bbox 964 2403 1118 2490; x_wconf 88' lang='lat' dir='ltr'><strong>portibus</strong></span> <span class='ocrx_word' id='word_1_74' title='bbox 1148 2405 1273 2482; x_wconf 87' lang='lat' dir='ltr'><strong>dotata,</strong></span> <span class='ocrx_word' id='word_1_75' title='bbox 1305 2401 1399 2488; x_wconf 90' lang='lat' dir='ltr'><strong>cujus</strong></span> 
     </span>
     <span class='ocr_line' id='line_1_14' title="bbox 345 2501 1400 2594; baseline -0.002 -23"><span class='ocrx_word' id='word_1_76' title='bbox 345 2527 426 2593; x_wconf 82' lang='lat' dir='ltr'><strong>gens</strong></span> <span class='ocrx_word' id='word_1_77' title='bbox 470 2510 505 2572; x_wconf 89' lang='lat' dir='ltr'><strong>et</strong></span> <span class='ocrx_word' id='word_1_78' title='bbox 548 2505 664 2594; x_wconf 81' lang='lat' dir='ltr'><strong>lingua</strong></span> <span class='ocrx_word' id='word_1_79' title='bbox 708 2505 855 2572; x_wconf 90' lang='lat' dir='ltr'><strong>moribus</strong></span> <span class='ocrx_word' id='word_1_80' title='bbox 901 2504 1086 2572; x_wconf 83' lang='lat' dir='ltr'><strong>Galliarum</strong></span> <span class='ocrx_word' id='word_1_81' title='bbox 1132 2509 1183 2571; x_wconf 90' lang='lat' dir='ltr'><strong>est</strong></span> <span class='ocrx_word' id='word_1_82' title='bbox 1228 2501 1400 2570; x_wconf 79' lang='lat' dir='ltr'><strong>admixta⁰</strong></span> 
     </span>
     <span class='ocr_line' id='line_1_15' title="bbox 347 2608 1402 2696; baseline -0.003 -21"><span class='ocrx_word' id='word_1_83' title='bbox 347 2609 469 2675; x_wconf 90' lang='lat' dir='ltr'><strong>Animo</strong></span> <span class='ocrx_word' id='word_1_84' title='bbox 500 2613 535 2675; x_wconf 89' lang='lat' dir='ltr'><strong>et</strong></span> <span class='ocrx_word' id='word_1_85' title='bbox 568 2608 704 2696; x_wconf 82' lang='lat' dir='ltr'><strong>ingenio</strong></span> <span class='ocrx_word' id='word_1_86' title='bbox 741 2609 870 2676; x_wconf 76' lang='lat' dir='ltr'><strong>crateris</strong></span> <span class='ocrx_word' id='word_1_87' title='bbox 899 2608 1018 2676; x_wconf 91' lang='lat' dir='ltr'><strong>vicinis</strong></span> <span class='ocrx_word' id='word_1_88' title='bbox 1047 2608 1115 2674; x_wconf 86' lang='lat' dir='ltr'><strong>suis</strong></span> <span class='ocrx_word' id='word_1_89' title='bbox 1148 2612 1227 2674; x_wconf 89' lang='lat' dir='ltr'><strong>sunt</strong></span> <span class='ocrx_word' id='word_1_90' title='bbox 1253 2608 1402 2685; x_wconf 78' lang='lat' dir='ltr'><strong>acriores,</strong></span> 
     </span>
     <span class='ocr_line' id='line_1_16' title="bbox 346 2709 1400 2798; baseline -0.003 -21"><span class='ocrx_word' id='word_1_91' title='bbox 346 2733 424 2777; x_wconf 84' lang='lat' dir='ltr'><strong>narn</strong></span> <span class='ocrx_word' id='word_1_92' title='bbox 446 2711 625 2780; x_wconf 89' lang='lat' dir='ltr'><strong>secundum</strong></span> <span class='ocrx_word' id='word_1_93' title='bbox 648 2711 813 2778; x_wconf 87' lang='lat' dir='ltr'><strong>Isidorum</strong></span> <span class='ocrx_word' id='word_1_94' title='bbox 838 2710 1048 2798; x_wconf 91' lang='lat' dir='ltr'><strong>[secundum]</strong></span> <span class='ocrx_word' id='word_1_95' title='bbox 1065 2710 1293 2778; x_wconf 75' lang='lat' dir='ltr'><strong>diversitatem</strong></span> <span class='ocrx_word' id='word_1_96' title='bbox 1315 2709 1400 2787; x_wconf 87' lang='lat' dir='ltr'><strong>coeli,</strong></span> 
     </span>
     <span class='ocr_line' id='line_1_17' title="bbox 346 2811 1401 2901; baseline -0.004 -22"><span class='ocrx_word' id='word_1_97' title='bbox 346 2815 446 2880; x_wconf 84' lang='lat' dir='ltr'><strong>facies</strong></span> <span class='ocrx_word' id='word_1_98' title='bbox 468 2814 642 2880; x_wconf 91' lang='lat' dir='ltr'><strong>hominum</strong></span> <span class='ocrx_word' id='word_1_99' title='bbox 665 2819 700 2880; x_wconf 87' lang='lat' dir='ltr'><strong>et</strong></span> <span class='ocrx_word' id='word_1_100' title='bbox 733 2814 857 2882; x_wconf 90' lang='lat' dir='ltr'><strong>colores</strong></span> <span class='ocrx_word' id='word_1_101' title='bbox 889 2835 1071 2901; x_wconf 87' lang='lat' dir='ltr'><strong>corporum,</strong></span> <span class='ocrx_word' id='word_1_102' title='bbox 1096 2813 1300 2900; x_wconf 78' lang='lat' dir='ltr'><strong>quantitates</strong></span> <span class='ocrx_word' id='word_1_103' title='bbox 1331 2811 1401 2877; x_wconf 86' lang='lat' dir='ltr'><strong>ani-</strong></span> 
     </span>
     <span class='ocr_line' id='line_1_18' title="bbox 348 2914 1400 3004; baseline 0 -22"><span class='ocrx_word' id='word_1_104' title='bbox 348 2939 476 2984; x_wconf 87' lang='lat' dir='ltr'><strong>morum</strong></span> <span class='ocrx_word' id='word_1_105' title='bbox 499 2917 629 2984; x_wconf 86' lang='lat' dir='ltr'><strong>diverse</strong></span> <span class='ocrx_word' id='word_1_106' title='bbox 650 2915 797 2984; x_wconf 74' lang='lat' dir='ltr'><strong>habent.⁷</strong></span> <span class='ocrx_word' id='word_1_107' title='bbox 830 2917 915 2983; x_wconf 90' lang='lat' dir='ltr'><strong>Inde</strong></span> <span class='ocrx_word' id='word_1_108' title='bbox 937 2917 1104 2983; x_wconf 90' lang='lat' dir='ltr'><strong>Romanos</strong></span> <span class='ocrx_word' id='word_1_109' title='bbox 1126 2936 1252 3004; x_wconf 84' lang='lat' dir='ltr'><strong>graves,</strong></span> <span class='ocrx_word' id='word_1_110' title='bbox 1269 2914 1400 2982; x_wconf 86' lang='lat' dir='ltr'><strong>Graecos</strong></span> 
     </span>
     <span class='ocr_line' id='line_1_19' title="bbox 347 3019 1400 3109; baseline 0 -24"><span class='ocrx_word' id='word_1_111' title='bbox 347 3019 444 3101; x_wconf 88' lang='lat' dir='ltr'><strong>leves,</strong></span> <span class='ocrx_word' id='word_1_112' title='bbox 461 3021 560 3088; x_wconf 80' lang='lat' dir='ltr'><strong>Afros</strong></span> <span class='ocrx_word' id='word_1_113' title='bbox 574 3021 772 3109; x_wconf 86' lang='lat' dir='ltr'><strong>versipelles,</strong></span> <span class='ocrx_word' id='word_1_114' title='bbox 789 3021 901 3088; x_wconf 83' lang='lat' dir='ltr'><strong>Gallos</strong></span> <span class='ocrx_word' id='word_1_115' title='bbox 923 3025 1044 3087; x_wconf 85' lang='lat' dir='ltr'><strong>natura</strong></span> <span class='ocrx_word' id='word_1_116' title='bbox 1065 3020 1187 3087; x_wconf 88' lang='lat' dir='ltr'><strong>feroces</strong></span> <span class='ocrx_word' id='word_1_117' title='bbox 1209 3025 1244 3087; x_wconf 90' lang='lat' dir='ltr'><strong>et</strong></span> <span class='ocrx_word' id='word_1_118' title='bbox 1266 3020 1400 3108; x_wconf 84' lang='lat' dir='ltr'><strong>ingenio</strong></span> 
     </span>
     <span class='ocr_line' id='line_1_20' title="bbox 348 3123 1401 3211; baseline 0.001 -23"><span class='ocrx_word' id='word_1_119' title='bbox 348 3123 486 3190; x_wconf 86' lang='lat' dir='ltr'><strong>acriores</strong></span> <span class='ocrx_word' id='word_1_120' title='bbox 519 3123 749 3211; x_wconf 71' lang='lat' dir='ltr'><strong>praevidemus,</strong></span> <span class='ocrx_word' id='word_1_121' title='bbox 806 3123 852 3190; x_wconf 82' lang='lat' dir='ltr'><strong>Et</strong></span> <span class='ocrx_word' id='word_1_122' title='bbox 883 3123 959 3190; x_wconf 89' lang='lat' dir='ltr'><strong>ideo</strong></span> <span class='ocrx_word' id='word_1_123' title='bbox 993 3123 1122 3190; x_wconf 84' lang='lat' dir='ltr'><strong>Pictavi</strong></span> <span class='ocrx_word' id='word_1_124' title='bbox 1154 3129 1234 3190; x_wconf 91' lang='lat' dir='ltr'><strong>sunt</strong></span> <span class='ocrx_word' id='word_1_125' title='bbox 1267 3145 1401 3210; x_wconf 85' lang='lat' dir='ltr'><strong>corpore</strong></span> 
     </span>
     <span class='ocr_line' id='line_1_21' title="bbox 348 3224 1398 3312; baseline -0.003 -20"><span class='ocrx_word' id='word_1_126' title='bbox 348 3227 486 3306; x_wconf 86' lang='lat' dir='ltr'><strong>robusti,</strong></span> <span class='ocrx_word' id='word_1_127' title='bbox 501 3226 584 3294; x_wconf 86' lang='lat' dir='ltr'><strong>facie</strong></span> <span class='ocrx_word' id='word_1_128' title='bbox 605 3228 747 3309; x_wconf 89' lang='lat' dir='ltr'><strong>venusti,</strong></span> <span class='ocrx_word' id='word_1_129' title='bbox 764 3227 874 3294; x_wconf 87' lang='lat' dir='ltr'><strong>animo</strong></span> <span class='ocrx_word' id='word_1_130' title='bbox 897 3227 1046 3308; x_wconf 84' lang='lat' dir='ltr'><strong>audaces,</strong></span> <span class='ocrx_word' id='word_1_131' title='bbox 1070 3224 1128 3292; x_wconf 85' lang='lat' dir='ltr'><strong>in⁸</strong></span> <span class='ocrx_word' id='word_1_132' title='bbox 1142 3226 1271 3292; x_wconf 88' lang='lat' dir='ltr'><strong>incessu</strong></span> <span class='ocrx_word' id='word_1_133' title='bbox 1286 3226 1398 3312; x_wconf 82' lang='lat' dir='ltr'><strong>agiles,</strong></span> 
     </span>
     <span class='ocr_line' id='line_1_22' title="bbox 348 3326 1399 3419; baseline -0.002 -23"><span class='ocrx_word' id='word_1_134' title='bbox 348 3331 481 3419; x_wconf 83' lang='lat' dir='ltr'><strong>ingenio</strong></span> <span class='ocrx_word' id='word_1_135' title='bbox 504 3331 615 3398; x_wconf 87' lang='lat' dir='ltr'><strong>callidi</strong></span> <span class='ocrx_word' id='word_1_136' title='bbox 646 3337 747 3418; x_wconf 90' lang='lat' dir='ltr'><strong>atque</strong></span> <span class='ocrx_word' id='word_1_137' title='bbox 781 3332 885 3399; x_wconf 87' lang='lat' dir='ltr'><strong>astuti</strong></span> <span class='ocrx_word' id='word_1_138' title='bbox 897 3356 906 3412; x_wconf 91' lang='lat'>;</span> <span class='ocrx_word' id='word_1_139' title='bbox 944 3335 979 3398; x_wconf 85' lang='lat' dir='ltr'><strong>et</strong></span> <span class='ocrx_word' id='word_1_140' title='bbox 1017 3326 1099 3396; x_wconf 84' lang='lat' dir='ltr'><strong>hoc⁹</strong></span> <span class='ocrx_word' id='word_1_141' title='bbox 1136 3329 1327 3395; x_wconf 86' lang='lat' dir='ltr'><strong>Herodotus</strong></span> <span class='ocrx_word' id='word_1_142' title='bbox 1365 3333 1399 3394; x_wconf 88' lang='lat' dir='ltr'><strong>et</strong></span> 
     </span>
     <span class='ocr_line' id='line_1_23' title="bbox 349 3433 487 3501; baseline 0.014 -2"><span class='ocrx_word' id='word_1_143' title='bbox 349 3433 487 3501; x_wconf 87' lang='lat' dir='ltr'><strong>Plinius.</strong></span> 
     </span>
    </p>
   </div>
   <div class='ocr_carea' id='block_1_5' title="bbox 741 3707 1001 3948">
    <p class='ocr_par' dir='ltr' id='par_1_5' title="bbox 741 3707 1001 3948">
     <span class='ocr_line' id='line_1_24' title="bbox 744 3707 1001 3778; baseline 0.008 -2"><span class='ocrx_word' id='word_1_144' title='bbox 744 3707 824 3776; x_wconf 75' lang='lat' dir='ltr'><strong>cn.</strong></span> <span class='ocrx_word' id='word_1_145' title='bbox 843 3707 1001 3778; x_wconf 81' lang='lat' dir='ltr'>CXLIII.</span> 
     </span>
     <span class='ocr_line' id='line_1_25' title="bbox 741 3877 996 3948; baseline -0.004 -2"><span class='ocrx_word' id='word_1_146' title='bbox 741 3877 792 3947; x_wconf 87' lang='lat' dir='ltr'><strong>De</strong></span> <span class='ocrx_word' id='word_1_147' title='bbox 813 3879 996 3948; x_wconf 80' lang='lat' dir='ltr'><strong>Picarda&#39;c.</strong></span> 
     </span>
    </p>
   </div>
   <div class='ocr_carea' id='block_1_6' title="bbox 350 4051 1547 4242">
    <p class='ocr_par' dir='ltr' id='par_1_6' title="bbox 350 4051 1547 4242">
     <span class='ocr_line' id='line_1_26' title="bbox 395 4051 1547 4140; baseline 0.003 -24"><span class='ocrx_word' id='word_1_148' title='bbox 395 4051 567 4118; x_wconf 80' lang='lat' dir='ltr'><strong>Prcsams</strong></span> <span class='ocrx_word' id='word_1_149' title='bbox 590 4051 707 4119; x_wconf 70' lang='lat' dir='ltr'><strong>Gallim</strong></span> <span class='ocrx_word' id='word_1_150' title='bbox 730 4051 873 4139; x_wconf 69' lang='lat' dir='ltr'><strong>Belgicae</strong></span> <span class='ocrx_word' id='word_1_151' title='bbox 904 4056 955 4118; x_wconf 76' lang='lat' dir='ltr'><strong>est</strong></span> <span class='ocrx_word' id='word_1_152' title='bbox 977 4051 1156 4140; x_wconf 79' lang='lat' dir='ltr'><strong>provincia.</strong></span> <span class='ocrx_word' id='word_1_153' title='bbox 1195 4051 1271 4118; x_wconf 85' lang='lat' dir='ltr'><strong>Hoc</strong></span> <span class='ocrx_word' id='word_1_154' title='bbox 1293 4051 1398 4119; x_wconf 87' lang='lat' dir='ltr'><strong>Isido-</strong></span> <span class='ocrx_word' id='word_1_155' title='bbox 1412 4069 1547 4125; x_wconf 72' lang='lat' dir='ltr'><strong>ermen·</strong></span> 
     </span>
     <span class='ocr_line' id='line_1_27' title="bbox 350 4140 1460 4242; baseline -0.003 -21"><span class='ocrx_word' id='word_1_156' title='bbox 350 4175 406 4220; x_wconf 84' lang='lat' dir='ltr'><strong>rue</strong></span> <span class='ocrx_word' id='word_1_157' title='bbox 428 4156 468 4221; x_wconf 90' lang='lat' dir='ltr'><strong>de</strong></span> <span class='ocrx_word' id='word_1_158' title='bbox 491 4155 710 4242; x_wconf 88' lang='lat' dir='ltr'><strong>descriptione</strong></span> <span class='ocrx_word' id='word_1_159' title='bbox 741 4155 924 4242; x_wconf 79' lang='lat' dir='ltr'><strong>regionum.</strong></span> <span class='ocrx_word' id='word_1_160' title='bbox 971 4155 1034 4221; x_wconf 87' lang='lat' dir='ltr'><strong>Est</strong></span> <span class='ocrx_word' id='word_1_161' title='bbox 1059 4155 1149 4221; x_wconf 90' lang='lat' dir='ltr'><strong>enim</strong></span> <span class='ocrx_word' id='word_1_162' title='bbox 1172 4159 1261 4222; x_wconf 88' lang='lat' dir='ltr'><strong>terra</strong></span> <span class='ocrx_word' id='word_1_163' title='bbox 1281 4155 1341 4220; x_wconf 85' lang='lat' dir='ltr'><strong>illa</strong></span> <span class='ocrx_word' id='word_1_164' title='bbox 1362 4140 1460 4221; x_wconf 67' lang='lat' dir='ltr'><strong>incia.</strong></span> 
     </span>
    </p>
   </div>
   <div class='ocr_carea' id='block_1_7' title="bbox 383 4464 1316 4865">
    <p class='ocr_par' dir='ltr' id='par_1_7' title="bbox 383 4464 1316 4865">
     <span class='ocr_line' id='line_1_28' title="bbox 383 4464 1316 4546; baseline -0.002 -16"><span class='ocrx_word' id='word_1_165' title='bbox 383 4476 465 4546; x_wconf 49' lang='grc' dir='ltr'><strong>ηπ]</strong></span> <span class='ocrx_word' id='word_1_166' title='bbox 479 4464 509 4530; x_wconf 83' lang='lat' dir='ltr'><strong>t.</strong></span> <span class='ocrx_word' id='word_1_167' title='bbox 543 4476 609 4528; x_wconf 72' lang='lat' dir='ltr'><strong>nn.</strong></span> <span class='ocrx_word' id='word_1_168' title='bbox 931 4475 1074 4544; x_wconf 58' lang='lat' dir='ltr'><strong>mamea]</strong></span> <span class='ocrx_word' id='word_1_169' title='bbox 1093 4477 1217 4543; x_wconf 66' lang='lat' dir='ltr'><strong>sunm</strong></span> <span class='ocrx_word' id='word_1_170' title='bbox 1251 4473 1316 4528; x_wconf 81' lang='lat' dir='ltr'><strong>an.</strong></span> 
     </span>
     <span class='ocr_line' id='line_1_29' title="bbox 383 4557 742 4626; baseline -0.006 -16"><span class='ocrx_word' id='word_1_171' title='bbox 383 4557 516 4626; x_wconf 73' lang='lat' dir='ltr'><strong>&#39;Oceaar]</strong></span> <span class='ocrx_word' id='word_1_172' title='bbox 536 4557 674 4611; x_wconf 76' lang='lat' dir='ltr'><strong>Oceanum</strong></span> <span class='ocrx_word' id='word_1_173' title='bbox 707 4557 742 4609; x_wconf 88' lang='lat' dir='ltr'><strong>D.</strong></span> 
     </span>
     <span class='ocr_line' id='line_1_30' title="bbox 384 4637 759 4705; baseline -0.003 -15"><span class='ocrx_word' id='word_1_174' title='bbox 384 4639 528 4705; x_wconf 59' lang='lat' dir='ltr'><strong>&#39;panum</strong></span> <span class='ocrx_word' id='word_1_175' title='bbox 547 4645 592 4690; x_wconf 75' lang='lat' dir='ltr'><strong>eet</strong></span> <span class='ocrx_word' id='word_1_176' title='bbox 609 4653 695 4704; x_wconf 72' lang='lat' dir='ltr'><strong>pram.</strong></span> <span class='ocrx_word' id='word_1_177' title='bbox 728 4637 759 4689; x_wconf 90' lang='lat' dir='ltr'><strong>B.</strong></span> 
     </span>
     <span class='ocr_line' id='line_1_31' title="bbox 384 4715 763 4785; baseline -0.011 -15"><span class='ocrx_word' id='word_1_178' title='bbox 384 4719 544 4785; x_wconf 52' lang='lat' dir='ltr'><strong>wama]</strong></span> <span class='ocrx_word' id='word_1_179' title='bbox 562 4715 628 4784; x_wconf 75' lang='lat' dir='ltr'><strong>pra.</strong></span> <span class='ocrx_word' id='word_1_180' title='bbox 662 4717 763 4769; x_wconf 71' lang='lat' dir='ltr'><strong>nso.</strong></span> 
     </span>
     <span class='ocr_line' id='line_1_32' title="bbox 385 4789 1177 4865; baseline 0.001 -19"><span class='ocrx_word' id='word_1_181' title='bbox 385 4797 509 4865; x_wconf 57' lang='lat' dir='ltr'><strong>&#39;reform</strong></span> <span class='ocrx_word' id='word_1_182' title='bbox 527 4806 573 4850; x_wconf 77' lang='lat' dir='ltr'><strong>eet.</strong></span> <span class='ocrx_word' id='word_1_183' title='bbox 589 4813 676 4864; x_wconf 75' lang='lat' dir='ltr'><strong>pram.</strong></span> <span class='ocrx_word' id='word_1_184' title='bbox 709 4789 775 4848; x_wconf 85' lang='lat' dir='ltr'>B.D.</span> <span class='ocrx_word' id='word_1_185' title='bbox 930 4795 1009 4863; x_wconf 58' lang='grc' dir='ltr'><strong>ΗΜ]</strong></span> <span class='ocrx_word' id='word_1_186' title='bbox 1028 4811 1078 4847; x_wconf 92' lang='lat' dir='ltr'><strong>om.</strong></span> <span class='ocrx_word' id='word_1_187' title='bbox 1112 4795 1177 4848; x_wconf 90' lang='lat' dir='ltr'>B.D.</span> 
     </span>
    </p>
   </div>
   <div class='ocr_carea' id='block_1_8' title="bbox 932 4583 1201 4770">
    <p class='ocr_par' dir='ltr' id='par_1_8' title="bbox 932 4583 1201 4770">
     <span class='ocr_line' id='line_1_33' title="bbox 932 4583 1201 4652; baseline -0.007 -16"><span class='ocrx_word' id='word_1_188' title='bbox 932 4586 941 4614; x_wconf 79' lang='lat'><em>¹</em></span> <span class='ocrx_word' id='word_1_189' title='bbox 952 4583 1027 4637; x_wconf 81' lang='lat' dir='ltr'><strong>Nota.</strong></span> <span class='ocrx_word' id='word_1_190' title='bbox 1038 4583 1065 4636; x_wconf 88' lang='lat' dir='ltr'><strong>in</strong></span> <span class='ocrx_word' id='word_1_191' title='bbox 1075 4599 1153 4652; x_wconf 77' lang='lat' dir='ltr'><strong>marg.</strong></span> <span class='ocrx_word' id='word_1_192' title='bbox 1164 4583 1201 4635; x_wconf 81' lang='lat' dir='ltr'><strong>A.</strong></span> 
     </span>
     <span class='ocr_line' id='line_1_34' title="bbox 932 4689 1161 4770; baseline 0 -30"><span class='ocrx_word' id='word_1_193' title='bbox 932 4690 992 4757; x_wconf 54' lang='grc' dir='ltr'><strong>ἰὴ]</strong></span> <span class='ocrx_word' id='word_1_194' title='bbox 1011 4705 1060 4770; x_wconf 56' lang='lat' dir='ltr'><strong>om,</strong></span> <span class='ocrx_word' id='word_1_195' title='bbox 1092 4689 1161 4740; x_wconf 71' lang='lat' dir='ltr'><strong>RD.</strong></span> 
     </span>
    </p>
   </div>
   <div class='ocr_carea' id='block_1_9' title="bbox 0 0 1864 5796">
    <p class='ocr_par' dir='ltr' id='par_1_9' title="bbox 0 0 1864 5796">
     <span class='ocr_line' id='line_1_35' title="bbox 0 0 1864 5796; baseline 0 0"><span class='ocrx_word' id='word_1_196' title='bbox 0 0 1864 5796; x_wconf 95' lang='lat' dir='ltr'><strong> </strong></span> 
     </span>
    </p>
   </div>
  </div>
 </body>
</html>
