3674 5800
229 4579 234 4589 '
312 4587 368 4632 text

612 858 796 910 eunocum
818 856 1067 909 nrsroumnun.
1322 847 1364 911 23

315 1033 400 1106 turc,
423 1049 555 1116 gemma
584 1029 642 1096 iris
673 1030 857 1119 multiplex.
905 1029 1131 1098 Inveniuntur
1159 1051 1364 1116 gemmarum
1379 1039 1531 1095 OfAnbia.

316 1131 403 1196 vires
425 1131 485 1198 ubi
517 1132 737 1199 inveniuntur
759 1133 916 1199 dracones
938 1138 973 1199 ot
1003 1133 1141 1220 aspides,
1164 1133 1201 1197 in
1223 1153 1365 1218 quorum

315 1233 467 1320 aspidum
489 1235 679 1322 corporibus
700 1235 918 1302 inveniuntur
939 1235 1046 1322 lapilli
1068 1235 1304 1322 pretiosissimi,
1330 1241 1365 1302 et

316 1336 479 1424 praecipue
504 1336 542 1402 in
575 1342 666 1404 terre
700 1337 790 1404 Sabe
824 1360 897 1424 quse
919 1343 969 1404 est
996 1360 1072 1424 pars
1101 1343 1199 1404 terrae
1230 1338 1364 1404 Arabiae

316 1459 413 1526 super
438 1439 549 1506 sinum
568 1441 669 1506 maris
695 1463 812 1528 porum
826 1445 1044 1528 coangustato
1068 1443 1103 1507 et
1127 1460 1241 1506 vorsus
1264 1462 1362 1506 suum

316 1545 478 1614 ambitum
501 1553 734 1616 consummate

738 1902 818 1970 ΟΜ».
843 1901 937 1970 XXI.

584 2106 635 2175 De
656 2104 773 2194 Syria,
797 2103 894 2174 Asiae
915 2105 1113 2174 Provincia.

359 2307 498 2376 Smin
520 2309 655 2398 quidum
678 2307 784 2396 Syrus
810 2310 945 2377 nomine
968 2309 1027 2376 su'o
1050 2307 1140 2376 eem¹
1164 2309 1359 2376 nominavit.
1375 2335 1503 2404 ofSyria.

316 2411 398 2478 Haeo
418 2411 461 2477 sb
485 2411 622 2478 Oriente
636 2411 740 2478 fluvio
755 2412 934 2500 Euphrate,
950 2413 993 2478 ab
1011 2412 1135 2480 Occasu
1151 2412 1239 2478 Meri
1255 2413 1361 2480 Medi·

315 2519 465 2582 terroneo
487 2513 525 2580 in
545 2513 694 2602 AEgypto
715 2515 922 2596 terminetur,
938 2515 1063 2582 hebens
1085 2538 1106 2581 a
1128 2515 1362 2602 Septentrione

314 2615 507 2685 Armeniam
530 2621 565 2684 et
581 2615 832 2706 Cuppodooism
848 2640 869 2684 a
885 2617 1024 2685 Meridie
1039 2617 1157 2686 Sinum
1166 2619 1362 2700 Arabicum3

311 2719 396 2788 situs
417 2719 488 2808 ejus
509 2725 678 2808 porrectus
700 2725 752 2788 est
773 2720 811 2787 in
832 2717 1027 2788 immensam
1048 2721 1302 2809 longitudinem,
1325 2723 1363 2788 in

309 2821 379 2888 lato
400 2823 580 2910 angirstior.
626 2821 742 2890 Habet
764 2823 801 2888 in
822 2845 858 2890 se
880 2823 1068 2912 prouincias
1093 2823 1359 2914 Commagenam,
1374 2840 1436 2895 Isiu
1448 2843 1464 2893 1.
1480 2849 1518 2896 14.

313 2947 335 2990 o
355 2924 516 2992 vocabulo
539 2923 739 3012 Oammsge²
770 2924 861 2992 urbis
883 2931 1094 3014 nuncupata3
1123 2950 1144 2992 o
1165 2927 1258 3015 cujus
1281 2927 1361 3016 Sep·
1374 2907 1409 2960 A

312 3027 479 3096 tentrionc
512 3032 563 3098 est
587 3027 835 3116 Mesopotamia,
859 3051 880 3094 a
907 3029 1047 3096 Meridie
1083 3028 1191 3115 Syrie,
1224 3031 1267 3096 ab
1300 3031 1361 3097 Oc·

314 3151 390 3197 casu
412 3131 506 3196 Mure
527 3130 698 3218 Magnum.
1256 3169 1260 3179 ·

357 3231 420 3300 Est
441 3237 554 3299 eutem
577 3233 668 3320 regio
683 3232 914 3320 copiosissima,
929 3231 1133 3301 fertilissimo
1153 3235 1190 3301 in
1212 3235 1361 3322 frugibus

314 3333 369 3402 et³
390 3335 564 3415 fructibus,
603 3336 639 3400 in
676 3337 865 3424 pecudibus,
904 3336 941 3402 in
978 3337 1080 3423 equis,
1118 3338 1155 3402 in
1191 3338 1300 3418 asinis,
1324 3341 1362 3404 in

314 3439 445 3504 camelis
479 3435 664 3504 ditissimo.⁴
717 3437 761 3502 In
792 3439 874 3504 ceris
908 3442 944 3503 et
974 3438 1141 3525 speciebus
1175 3441 1361 3506 aromaticis

314 3538 540 3619 invictissimo,
575 3540 769 3608 civitatibus
803 3547 838 3608 et
869 3541 986 3608 castris
1010 3541 1169 3628 plantata„
1215 3541 1250 3608 N
1251 3543 1359 3608 ubilis·

313 3643 406 3710 simis
426 3643 548 3724 fluviis,
571 3642 709 3710 lacubus
732 3647 767 3710 et
789 3642 916 3732 stagnis
938 3643 1071 3730 irriguo
1117 3643 1238 3710 Portus
1259 3646 1361 3710 maris

314 3743 461 3813 hebens⁵
482 3745 714 3814 saluberrimos
736 3751 772 3812 et
793 3747 957 3834 praecipuo
969 3746 1007 3811 in
1022 3745 1188 3812 Phoenicis
1203 3751 1238 3813 et
1256 3747 1360 3815 Pslae-

314 3849 413 3916 stinis
435 3848 635 3916 civitatibus
681 3848 746 3914 Ille
767 3869 848 3916 vero
869 3870 950 3936 gens
971 3871 1061 3918 sceva
1075 3853 1126 3916 est
1148 3854 1182 3914 et
1203 3849 1361 3938 belligera

312 3957 348 4019 et
369 3952 406 4018 in
427 3952 543 4020 multis
564 3951 754 4039 regionibus
787 3950 926 4018 diversis
949 3951 1169 4018 mercimoniis
1190 3958 1359 4040 occupata.

314 4055 439 4124 Multas
461 4055 563 4123 etiem
584 4055 688 4124 habet
716 4058 833 4143 gentes
856 4077 997 4144 querum
1019 4051 1175 4144 quidom⁶
1205 4055 1362 4123 habitent

346 4419 432 4488 ιεαπι]
451 4425 489 4474 es.
522 4421 557 4473 A.
591 4418 766 4474 Theondded
781 4421 817 4487 by
895 4420 942 4471 ⁴r'n
963 4421 1048 4484 αείηἰε,
1065 4423 1091 4472 in
1109 4419 1205 4475 oonwiis
1225 4423 1358 4492 dimona]

312 4499 356 4552 the
372 4501 462 4553 author
478 4501 817 4568 subsequentlytothocon·
859 4499 975 4552 inasinis
985 4501 1260 4557 ditissimsetomelis
1293 4505 1360 4556 B.D.

345 4617 512 4728 ώσω]
532 4658 675 4730 comm
708 4659 739 4714 Β.
892 4623 1015 4694 Ἥρω]
1034 4625 1115 4680 hebet.
1148 4626 1214 4678 B.D.

346 4739 402 4808 ἐι]
420 4737 455 4793 in.
488 4740 522 4791 D.
890 4741 1021 4810 ‘quidam]
1040 4744 1161 4810 quedam
1196 4745 1261 4798 RD.
