3590 5844
559 915 741 968 nonoomu
763 913 1014 968 maronnnmr.
1247 903 1312 969 369

260 1091 470 1162 transgressores
499 1087 596 1160 dignas
620 1093 648 1144 et
670 1092 853 1161 competenter
876 1087 1034 1160 punitiones
1057 1089 1209 1160 proposuit.
1258 1087 1312 1144 Hic

258 1171 343 1229 fidem
364 1170 466 1228 Christi
485 1174 606 1228 multum
623 1190 798 1244 peromnem
815 1173 931 1228 modurn
950 1171 1082 1238 dilatavit,
1102 1171 1176 1227 unde
1194 1189 1242 1244 per
1259 1172 1312 1227 hoc

259 1255 312 1312 Dei
323 1256 415 1314 favore
425 1261 504 1312 tutus
516 1256 652 1328 rebusque
664 1255 738 1311 domi
751 1256 855 1312 atteris
867 1275 900 1312 ex
916 1257 1052 1312 sententia
1063 1255 1223 1311 cedentibus
1235 1261 1309 1310 tran·

258 1341 417 1414 quilliraime
434 1341 586 1396 consenuit.
617 1339 671 1396 Cui
688 1341 817 1396 successit
833 1340 968 1412 Egbertus
979 1339 1053 1395 filius
1071 1340 1139 1411 ejus,
1149 1344 1211 1412 post
1229 1357 1310 1411 quem
1323 1353 1447 1400 scabunt.

259 1425 413 1490 bothanias,
433 1423 584 1480 secundum
603 1423 716 1490 Bedam,
734 1425 817 1480 frater
837 1425 904 1496 ejus,
923 1441 996 1480 anno
1015 1423 1130 1478 Domini
1149 1439 1308 1478 ncnxxxv.
1321 1405 1440 1500 fisspfflssj.

258 1515 285 1565 et
304 1515 367 1582 port
387 1525 444 1565 xn.
464 1527 551 1565 annos
571 1509 601 1563 in
625 1527 721 1580 pugna
741 1509 912 1564 Austraiium
937 1507 1080 1564 Saxonum
1099 1509 1259 1564 vulneratur
1283 1511 1310 1562 et
1321 1507 1430 1553 ΑΒΜ

259 1593 413 1650 defunctus.
458 1591 524 1648 Post
554 1609 634 1667 quern
665 1591 790 1658 Edricur,
807 1591 883 1648 filius
908 1591 1030 1664 Egberti,
1049 1609 1122 1647 suno
1146 1597 1173 1647 et
1194 1591 1308 1648 dimidio

257 1677 390 1749 regnavit,
409 1677 561 1734 secundum
592 1677 705 1742 Badam,
729 1677 758 1732 li.
780 1677 808 1741 4,
832 1694 871 1732 ca.
893 1677 945 1742 243
977 1694 1033 1748 quc
1058 1675 1196 1740 defimcto,
1221 1693 1307 1747 regno
1371 1737 1376 1748 ¹
1516 1721 1519 1729 ,

256 1766 366 1834 propter
384 1780 460 1834 reges
484 1761 582 1817 dubios
599 1761 720 1833 disperso
742 1767 825 1834 atque
847 1761 928 1816 rebus
950 1759 1058 1816 Canciae
1079 1759 1234 1832 desperatis,
1258 1737 1427 1832 cir-{Q

256 1845 320 1901 citer
341 1865 388 1902 rex
409 1864 497 1901 annos
518 1845 553 1900 ad
572 1847 646 1917 regia
664 1845 833 1900 successione
847 1843 984 1900 clauditur
1002 1849 1051 1909 eat,
1065 1843 1151 1900 donec
1168 1844 1307 1916 legitimus

255 1947 302 1985 rex
321 1929 498 2003 Wytbredus,
510 1928 584 1985 iilius
603 1929 723 2001 Egberti,
736 1929 905 1985 confortatur
923 1929 953 1986 in
972 1947 1057 2001 regno
1076 1929 1206 2000 religione
1226 1928 1309 1984 simul

255 2019 284 2069 et
306 2014 441 2070 industria
465 2019 574 2084 gentem
598 2013 736 2070 suamab
760 2017 887 2069 cumanae
906 2012 1046 2070 invasione
1068 2012 1206 2070 liberaret.
1252 2012 1307 2068 Iste

256 2097 433 2170 wythradua,
452 2097 605 2154 secumdum
638 2097 817 2154 Willinlmum
848 2097 1127 2163 Malmarburienrem,
1151 2097 1207 2152 fuit
1232 2096 1306 2152 domi
1317 2084 1447 2130 Wffiffl·

255 2181 341 2238 civilia
358 2187 386 2238 et
402 2181 474 2237 bello
491 2181 619 2246 invictus,
634 2181 819 2236 Christianam
840 2182 1000 2252 religionem
1021 2181 1191 2238 mnotirrime
1212 2182 1307 2247 coluit,
1319 2161 1429 2206 ΜΟ·

256 2271 418 2339 potestatem
442 2266 608 2337 amplissime
625 2265 745 2337 porrexit
762 2269 798 2330 et,
817 2271 849 2320 ut
867 2264 936 2320 nihil
959 2265 1080 2320 felicitati
1105 2265 1208 2321 deerret
1232 2265 1308 2338 quod

254 2350 401 2406 beatissimi
419 2351 546 2406 mortales
564 2355 673 2421 putant,
685 2354 748 2420 post
762 2365 839 2405 xxx.
852 2367 939 2404 annor
956 2349 1032 2420 regni
1051 2349 1102 2414 rui,
1114 2349 1202 2406 tribur
1219 2349 1309 2406 liberis

255 2434 363 2500 relctis,
376 2433 443 2489 obiit
462 2451 536 2490 anno
558 2433 673 2488 Domini
690 2448 827 2498 nccxxn,
846 2450 964 2506 quorum
983 2431 1121 2488 Edbertus
1139 2449 1216 2500 xxi„
1229 2432 1310 2490 Edel·
1322 2431 1454 2478 flssdfflih·

255 2518 349 2574 bertus
381 2534 424 2574 xr.
455 2523 482 2572 et
511 2517 619 2573 Alricur
648 2533 756 2572 xxun.
787 2516 867 2572 annis
897 2522 1010 2589 patema
1032 2522 1155 2574 tenentes
1182 2484 1431 2574 institutaA'D'm'

254 2619 371 2674 regnum
393 2602 595 2658 continuavere.
650 2601 717 2657 Post
740 2601 802 2658 illos
823 2599 915 2656 nobile
936 2619 1047 2671 germen
1067 2602 1174 2674 regium
1195 2602 1308 2667 exaruit,

255 2703 404 2757 generosus
423 2685 536 2758 sanguis
561 2685 690 2756 effriguit.
727 2683 808 2742 'lunc
824 2683 1078 2758 impudentissimus
1094 2687 1218 2758 quisque,
1231 2687 1309 2757 cujus

254 2771 358 2842 lingua,
378 2769 487 2836 divitiae,
512 2770 555 2826 vel
584 2769 666 2825 faedo
689 2775 819 2825 terrorem
843 2773 1052 2841 comparaverat,
1077 2769 1113 2824 ad
1136 2769 1309 2842 tyrannidem

253 2854 379 2910 anhelare
407 2854 507 2926 ooepit3
538 2853 636 2909 deinde
666 2852 788 2925 ejusdem
823 2853 951 2910 factionir
972 2858 999 2908 et
1029 2853 1190 2910 calamitatis
1214 2853 1308 2920 barra,

254 2937 409 2994 cuthredus
432 2953 501 2994 vni.
521 2938 600 2993 annis
627 2937 685 2992 solo
704 2937 806 2994 scilicet
826 2937 939 2992 nomine
956 2937 1089 3009 regnavit.
1134 2937 1209 2993 Huic
1227 2939 1308 3010 regia
1320 2941 1432 2994 Outhred.

254 3020 395 3090 dignitatis
425 3021 550 3077 abortivo
587 3021 716 3076 successit
753 3019 889 3075 Aldredua
920 3020 967 3092 qni
998 3026 1145 3092 postquam
1177 3021 1307 3078 Cannium
1319 2993 1428 3096 &iffi

254 3121 347 3160 xvrrr.
366 3105 446 3159 annis
464 3105 543 3170 rexit,
567 3103 602 3159 ab
623 3103 759 3174 Egbnhto
776 3121 839 3173 rege
862 3103 1078 3158 Westraxonum
1096 3105 1191 3175 proelio
1209 3107 1307 3176 pulsus
1318 3093 1427 3139 mm·

253 3188 283 3243 in
306 3187 419 3244 exilium
442 3187 559 3254 reoerrit,
583 3188 676 3259 itaque
693 3203 810 3258 regnum
835 3185 942 3241 Canciae
967 3185 1042 3259 quod
1062 3187 1096 3242 ab
1121 3206 1194 3244 anno
1217 3166 1452 3263 lucu-irini?

252 3271 372 3328 nationis
403 3271 517 3326 Domini
549 3286 710 3326 ccoxnnn.
747 3275 857 3326 steterat
896 3269 975 3326 aunis
1012 3287 1162 3328 ccccxxv.
1195 3273 1305 3328 alterius
1366 3271 1417 3312 Μ

253 3355 381 3428 potestati
392 3355 514 3412 armarit.
552 3353 599 3428 [Β.
611 3352 652 3426 a]

296 3464 513 3531 Athelbertue
552 3469 665 3531 autem
695 3487 756 3530 rex
787 3463 920 3530 Caneiae
950 3470 990 3530 ut
1029 3465 1118 3532 vidit
1148 3466 1304 3533 Britones
1317 3464 1467 3582 ἱζὲξξέῢθῐῑ

252 3569 470 3656 dedignantes
497 3567 737 3654 subjectionem
768 3567 962 3654 Augustino
993 3567 1098 3634 facere
1129 3575 1162 3635 et
1185 3569 1304 3656 praedi·
1316 3598 1472 3650 Aenelrrith

252 3673 414 3738 cationam
437 3692 532 3736 suam
555 3671 690 3736 omnino
713 3691 873 3757 spernere,
890 3669 952 3736 hoc
974 3671 1166 3757 gravissumo
1186 3673 1301 3750 ferens,
1315 3665 1452 3783 ζὶὶῗξὶὼω

253 3773 466 3840 Edelfredum
488 3795 600 3860 regem
616 3771 940 3850 Northnmbromm‚¹
957 3777 993 3838 et
1015 3779 1150 3839 caeteros
1172 3775 1458 3862 regidospunnana

253 3875 400 3943 Saxones
430 3875 657 3941 instimulavit
687 3879 726 3940 ut
760 3874 895 3940 collecto
936 3875 1056 3962 grandi
1088 3876 1236 3942 exercitu
1267 3879 1304 3942 in
1314 3864 1448 3981 3⁰⁰¹&

253 3979 426 4044 civitatem
450 3978 583 4066 Bangor
604 3977 759 4043 abbatem
782 3975 933 4042 Dinohot
957 3981 991 4042 et
1014 3982 1148 4044 caeteros
1172 3979 1303 4060 clericos
1316 3947 1454 4050 ruffin.

252 4081 311 4168 qui
341 4101 397 4146 cos
429 4081 648 4167 despexerant
677 4079 846 4167 perditum
881 4079 976 4145 irent.
1042 4079 1304 4166 Adquieaeentes

251 4181 356 4272 igitur
386 4183 522 4249 consilio
553 4183 622 4269 ejus
661 4182 864 4268 collegerunt
897 4182 1083 4248 mirabilem
1114 4184 1303 4262 exercitum,

252 4291 287 4352 at
315 4285 520 4374 provinciam
556 4285 733 4351 Britonum
774 4289 926 4371 petentes
957 4291 1122 4350 venerunt
1152 4284 1306 4373 Legeoes·

252 4389 354 4454 triam
384 4388 443 4454 ubi
477 4387 590 4454 consul
613 4387 713 4466 urbis,
739 4386 912 4474 Brotmeyl
936 4389 1079 4472 nomine,
1102 4408 1214 4454 eorum
1246 4389 1303 4455 ad-

254 4497 393 4558 ventum
416 4491 621 4580 expectabat

273 4685 295 4692 -a
304 4687 310 4692 .
322 4685 369 4692 ---
379 4683 556 4692 affl·-
574 4681 643 4692 -u—--—
651 4683 1042 4692 οι--ι-ω--ρ--ψ-ᾑ--ψ-
1057 4684 1069 4688 ..
1086 4683 1109 4688 -
1122 4682 1171 4687 -...,

290 4797 297 4830 ¹
311 4797 540 4871 Norttomtroram]
582 4799 860 4856 Northanhimbromm.
873 4801 904 4854 B.
916 4801 1201 4868 Nortbanbymbrorum.
1219 4803 1252 4855 D.

345 4895 419 4951 ΥΟΕ.
441 4897 478 4950 Π.
1103 4899 1124 4948 Δ
1149 4899 1173 4950 Δ
