3590 5844
576 950 760 1006 uumerus
781 904 1034 1008 mercenarie
1257 943 1322 1010 335

273 1130 418 1198 victoria
479 1129 672 1199 Exercitum
702 1135 815 1200 eutem
845 1135 995 1200 nostrum
1028 1129 1157 1200 duobus
1190 1131 1324 1200 milibus
1337 1151 1464 1206 ruenn-

271 1240 472 1302 armatorum
494 1234 640 1302 militum
662 1236 808 1324 exeeptis
829 1235 998 1324 peditibus
1021 1237 1156 1324 augebo.
1335 1222 1435 1353 iffi&

317 1339 498 1425 Postquam
529 1339 633 1404 etiam
665 1340 777 1405 caeteri
807 1340 851 1405 ad
873 1339 945 1406 haec
967 1361 1043 1427 quae
1066 1340 1204 1406 dicenda
1226 1343 1322 1406 erant
1335 1354 1441 1406 Aruur.

272 1441 439 1522 dixerunt,
465 1442 688 1529 promiserunt
717 1443 748 1507 ei
785 1442 908 1530 singuli
942 1447 1024 1529 quot
1060 1443 1097 1508 in
1127 1443 1321 1529 obsequium

272 1567 369 1610 suum
393 1543 577 1624 debebant,¹
601 1546 651 1610 ita
672 1548 713 1610 ut
727 1549 848 1632 praeter
863 1567 917 1611 eos
939 1568 1022 1632 quos
1036 1547 1229 1634 promiserat
1253 1546 1323 1611 dux

272 1648 460 1715 Armoriae⁹
482 1669 525 1714 ex
558 1649 628 1716 sola
649 1648 760 1716 insula
790 1649 976 1716 Britanniae
1000 1667 1055 1716 Lx.
1078 1649 1196 1716 milie³
1218 1651 1323 1715 omni·

271 1752 334 1818 bus
357 1753 456 1818 armis
479 1756 682 1818 armatorum
705 1757 985 1842 computarentur.
1016 1753 1066 1818 At
1087 1750 1204 1841 reges⁴
1226 1759 1321 1820 caete·

272 1877 383 1922 rarum
413 1855 596 1922 insularum
629 1857 786 1944 quoniam
823 1878 891 1922 non
921 1856 1088 1922 duxerant
1124 1857 1161 1922 in
1197 1877 1321 1922 morem

272 1959 393 2023 milites
423 1957 544 2026 habere
577 1959 705 2046 pedites
736 1955 900 2046 quisque⁶
923 1959 1089 2026 debebant
1121 1959 1323 2046 promittunt

271 2061 321 2126 ita
343 2057 406 2126 ut⁶
428 2077 476 2126 v1.
499 2059 625 2143 insulis,
649 2061 780 2142 scilicet,
799 2061 981 2141 Hiberniae,
999 2061 1195 2143 Hislandiae,
1218 2061 1324 2127 Goth·

271 2163 403 2242 landiae,
436 2162 613 2246 Orcadum,
640 2163 854 2253 Norguegiae,
876 2169 912 2232 et
941 2163 1056 2230 Daciae
1079 2163 1203 2230 sexcies
1226 2180 1321 2230 xxm.

273 2270 383 2331 essent
412 2272 652 2350 annumerem
691 2287 735 2334 ex
773 2267 945 2334 Gallorum
985 2271 1098 2334 autem
1136 2266 1320 2349 ducatibus,

272 2368 483 2448 Rutinorum,
507 2369 758 2436 Potinencium’
781 2387 887 2436 nm.
911 2371 1023 2451 milia3
1055 2391 1098 2436 ax
1120 2387 1183 2435 ΧΠ.
1206 2391 1320 2436 consu-

271 2469 395 2537 latibus
429 2471 561 2538 illorum
595 2473 654 2559 qui
685 2495 760 2540 cum
792 2472 913 2539 Gerino
946 2471 1142 2540 carnotensi
1172 2472 1320 2554 aderaut,

271 2589 364 2639 xlm.
401 2575 491 2660 quod
522 2574 589 2640 fuit
621 2577 657 2640 in
688 2581 761 2642 toto
794 2593 928 2642 cmxxx.
963 2575 1056 2640 milia
1099 2579 1134 2639 et
1164 2591 1253 2642 mm
1285 2581 1320 2642 et

270 2673 355 2740 11.0.⁸
378 2681 499 2763 praeter
520 2678 648 2765 pedites
671 2679 729 2764 qui
751 2678 813 2744 sub
839 2699 977 2746 numero
999 2699 1066 2744 non
1088 2677 1259 2744 cadebant.

707 2963 786 3030 Ger.
805 2963 896 3034 LXI.

315 3179 394 3246 Rex
416 3177 517 3246 vero⁹
531 3177 699 3246 Arthurus
721 3179 919 3269 accipiens¹⁰
941 3202 1054 3248 omnes
1069 3179 1106 3248 in
1127 3181 1321 3268 obsequium

271 3306 368 3349 suum
391 3283 595 3348 unanimiter
618 3281 809 3370 parantes‚¹¹
835 3285 992 3372 praecepit
1014 3285 1060 3351 eis
1082 3285 1260 3374 repatriare
1286 3293 1321 3352 et

270 3387 453 3453 exercitum
475 3385 672 3474 promissum
688 3385 870 3474 disponere,
886 3390 920 3452 et
941 3387 978 3452 in
999 3387 1159 3452 kalendas
1175 3387 1322 3476 Augusti

269 3491 313 3556 ad
334 3493 468 3578 portum
491 3489 610 3555 Barbas
632 3488 729 3554 fluvii
750 3488 914 3570 festinare,
934 3493 974 3555 ut
996 3489 1088 3556 illinc
1103 3489 1321 3578 Allobrogum

269 3593 352 3659 fines
375 3615 450 3658 oum
480 3591 552 3680 ipso
575 3592 700 3660 adituri
722 3591 794 3658 et¹²
818 3591 976 3660 Romanis
1006 3593 1043 3658 in
1072 3591 1204 3660 obviem
1226 3595 1321 3660 veni-

268 3700 352 3764 rent.
385 3693 646 3783 Imperatoribus
668 3699 781 3762 autem
796 3718 854 3783 per
876 3695 1066 3762 eorumdem
1088 3696 1214 3783 legatos
1228 3719 1320 3762 man·

270 3797 366 3864 davit
387 3819 422 3864 se
452 3819 660 3884 nequaquam
691 3799 737 3864 eis
768 3798 976 3864 redditurum
997 3797 1173 3880 tributum,
1196 3821 1256 3866 nec
1278 3801 1320 3866 ob

269 3901 304 3966 id
328 3904 367 3967 ut
390 3902 566 3966 sententiae
588 3921 702 3966 eorum
730 3901 956 3988 adquiesceret
971 3901 1111 3968 Romam
1141 3902 1319 3985 aditurum,

270 4004 371 4070 immo
403 4009 443 4070 ut
474 4026 517 4070 ex
552 4003 617 4070 illis
651 4010 821 4093 appeteret
850 4005 939 4092 quod
961 4006 1004 4070 ab
1027 4005 1085 4072 illo
1110 4005 1237 4092 judicio
1259 4027 1319 4072 suo
1367 4047 1372 4056 ·

268 4111 422 4196 appetere
447 4106 668 4174 decreverant

786 4298 900 4304 ---—-
1072 4299 1317 4306 --..-.-.—-—...

302 4414 449 4485 ¹dededant]
468 4416 599 4482 ciprum.
633 4419 699 4470 RD.
847 4419 1047 4488 Ῥοτὺιεησίω]
1066 4421 1262 4474 Porticensium.
1285 4423 1316 4475 B.

300 4495 454 4564 Ἀπία]
472 4497 622 4550 Amorion.
656 4500 721 4550 Β,Ι).
812 4501 845 4550 D.
879 4499 993 4552 Notain
1010 4517 1089 4568 marg.
1131 4503 1200 4554 AJ).

302 4576 362 4626 'rau
374 4575 455 4643 milia]
474 4582 573 4638 4ο,000.
601 4578 667 4630 Β.Ι).
847 4581 958 4631 'orm
966 4581 1042 4645 milia,
1051 4582 1109 4649 eto]
1123 4587 1238 4646 183,200.
1250 4583 1316 4634 B.D.

301 4653 447 4705 ⁴Numerue
466 4657 614 4708 bellatorum
633 4659 700 4724 regie
715 4658 769 4709 Ar·
848 4662 934 4727 ὐεω]
954 4677 1002 4712 om.
1036 4661 1067 4712 B.

270 4731 345 4783 thuri.
379 4733 497 4800 inmerg.
531 4737 565 4787 D.
847 4739 1012 4806 ¹⁰accipienr]
1031 4741 1127 4793 videns.
1151 4741 1216 4794 B.D.

301 4813 434 4880 ⁵quoque]
452 4821 520 4878 quot.
532 4829 618 4882 praem.
652 4817 717 4872 B.D.
849 4819 865 4851 ¹¹
874 4821 1008 4888 parantes]
1027 4829 1133 4884 paratos.
1167 4821 1233 4876 RD.

302 4891 423 4957 'u1]ex.
458 4893 492 4946 D.
850 4899 869 4930 ¹²
879 4899 916 4964 ct]
934 4915 984 4952 om.
1017 4899 1084 4954 Bd).
