3696 5794
333 1075 371 1128 Oi
381 1075 424 1128 the

334 1144 433 1194 lalanda
443 1143 474 1194 oi

333 1211 376 1263 the
388 1226 473 1262 ocean.

502 858 566 924 114
801 873 984 924 nonoorou
1007 874 1255 928 maronianum.

503 1053 600 1116 natos
640 1047 749 1116 insula
780 1049 903 1117 Oceani
933 1048 1037 1116 freto¹
1071 1050 1197 1118 Ocilioo
1235 1072 1256 1114 a
1286 1049 1465 1118 Britannia
1502 1051 1554 1116 eet

503 1157 663 1240 separate,
694 1152 783 1218 dicta
818 1153 987 1218 Thenatoe
1022 1175 1044 1220 a
1073 1157 1180 1218 morte
1215 1158 1425 1240 serpentums
1464 1153 1553 1222 unde

502 1259 673 1344 asportata
697 1260 786 1322 terra
815 1277 946 1342 quoquo
976 1255 1127 1342 gentium
1151 1261 1249 1322 vecta
1278 1256 1323 1322 sit
1349 1262 1384 1322 et
1414 1278 1552 1344 aspersa,

502 1380 626 1448 angues
646 1357 733 1426 iilioo
755 1359 899 1448 perimit.
946 1357 1040 1424 ΤίΙθΒ
1055 1358 1177 1427 rdtimo
1197 1358 1321 1428 Oceani
1343 1359 1451 1428 insula
1465 1360 1554 1426 inter

504 1461 771 1550 Septentrionem
807 1465 842 1528 et
880 1460 1101 1542 Occidentem,
1136 1484 1156 1528 a
1187 1462 1256 1530 sole
1288 1483 1410 1531 nomen
1442 1461 1551 1542 habet,

502 1565 580 1652 quia
600 1565 638 1630 in
659 1585 698 1630 ee
717 1563 872 1632 aeetivum
895 1563 1075 1632 solstitium
1095 1563 1144 1630 eol
1164 1563 1253 1643 fecit,
1277 1569 1312 1632 et
1331 1565 1442 1632 nullus
1464 1566 1554 1633 ultra

502 1690 578 1734 eum
607 1667 676 1734 dies
705 1671 756 1734 eet
768 1691 777 1748 ς
814 1667 903 1732 unde
925 1667 1057 1755 pigrum
1081 1672 1116 1734 et
1143 1672 1333 1734 concretum
1363 1690 1453 1737 mare
1483 1667 1554 1754 ejus

502 1777 560 1838 est
622 1769 763 1836 Oreades
786 1768 904 1836 insulm
927 1775 1044 1836 contra
1066 1769 1278 1836 Britanniam
1300 1771 1418 1858 poeitm
1440 1791 1555 1836 nume·

501 1897 539 1940 ro
571 1890 710 1955 xxxnn,
738 1894 878 1960 quarum
908 1889 970 1940 xla
999 1873 1139 1940 desertae
1175 1879 1210 1940 et
1245 1889 1323 1948 xm,
1353 1873 1551 1941 incoluntur.

504 1975 615 2042 Sootie
638 1975 812 2042 eademst
839 1974 1003 2042 Hibernia
1034 1975 1216 2042 Britanniae
1243 1976 1395 2062 proxima
1419 1976 1462 2042 eb
1488 1975 1552 2042 Hi-

501 2079 581 2144 bero
605 2079 703 2149 diota
758 2077 870 2146 Gades
897 2079 1006 2144 insula
1027 2080 1064 2144 in
1086 2079 1152 2144 line
1176 2078 1314 2146 Boetioae
1336 2079 1402 2146 sita
1426 2078 1553 2146 dirimit

502 2181 668 2270 Europam
683 2181 726 2248 ab
748 2179 1005 2266 Africamque
1026 2181 1180 2250 Herculis
1196 2181 1370 2248 Columnae
1389 2183 1551 2250 visuntur.

502 2284 585 2352 Eae*
606 2288 718 2352 autem
740 2306 762 2349 a
787 2288 875 2350 terre
895 2299 974 2350 οη
997 2283 1148 2370 passibus
1171 2284 1287 2353 divisa
1335 2284 1494 2352 Nascitur
1515 2285 1552 2350 in

501 2409 539 2455 ee
561 2386 659 2453 arbor
680 2385 797 2452 similis
819 2385 948 2474 peimae,
972 2385 1065 2472 cujus
1087 2387 1214 2474 gummi
1236 2388 1363 2456 vitrum
1392 2387 1551 2457 infectum

500 2490 688 2558 cerauniam
710 2511 874 2577 gemmam
895 2488 1014 2556 reddit.
1062 2489 1257 2556 Fortunatae
1277 2490 1400 2558 Ineulae
1421 2513 1442 2556 a
1456 2511 1551 2556 voca·

499 2592 579 2681 bulo
602 2592 700 2660 dicta
723 2591 818 2678 quasi
841 2589 950 2658 felices
973 2594 1007 2658 et
1027 2592 1144 2674 beatae,
1158 2593 1248 2658 unde
1264 2592 1447 2662 Gentilium
1463 2613 1554 2658 error

499 2701 535 2761 et
556 2694 763 2762 secularium
788 2697 961 2780 poetarum
985 2693 1132 2760 carmina
1159 2701 1293 2782 propter
1317 2695 1400 2764 soli*
1429 2696 1553 2764 foecun-

500 2798 640 2864 ditatem
662 2801 698 2862 et
726 2797 856 2862 varium
883 2795 1052 2863 fructuum
1078 2802 1113 2862 et
1146 2797 1323 2864 herbarum
1353 2797 1550 2878 ubertatem,

500 2899 631 2967 easdem
669 2921 738 2966 esse
776 2885 971 2966 Paradisum
1008 2904 1222 2987 putaverrmt.
1284 2901 1368 2968 Sitae
1399 2907 1479 2967 sunt
1516 2902 1552 2967 in

501 3004 632 3070 Oceano
663 3006 778 3068 contra
808 3003 927 3068 laevam
963 3003 1186 3085 Mauritania,
1219 3003 1362 3071 Occiduo
1392 3005 1552 3092 proximae

500 3113 535 3172 et
556 3105 729 3192 interjecto
756 3105 841 3170 mari
867 3106 1025 3172 diseretoe.
1073 3105 1263 3194 Gorgones⁶
1289 3107 1406 3174 insulae
1430 3107 1552 3174 Oceani

500 3209 647 3275 obversae
670 3208 897 3296 promontorio
927 3209 1015 3296 quod
1046 3213 1185 3274 vocatur
1215 3209 1442 3296 Esperaeerus,
1470 3233 1552 3297 quas

500 3313 673 3378 coluerunt
697 3310 830 3378 feminee
855 3310 952 3377 aliti⁶
974 3312 1170 3398 pernicitate
1183 3311 1210 3393 ;7
1242 3311 1370 3378 distant
1396 3318 1507 3379 autem
1532 3337 1553 3378 a

500 3413 685 3484 continenti
699 3419 789 3482 terra
808 3413 903 3480 bidui
924 3414 1146 3503 navigatione.
1193 3415 1414 3504 Hesperidum
1435 3415 1552 3482 insulse

499 3522 626 3588 vocatae
641 3540 662 3584 a
677 3517 813 3584 civitate
837 3517 1022 3611 Hesperido
1039 3539 1114 3608 quae
1136 3517 1202 3587 fuit
1220 3519 1256 3582 in
1282 3517 1405 3583 finibus
1428 3517 1552 3587 Mauri-

499 3621 624 3704 taniae3
662 3625 742 3688 aunt
771 3623 884 3688 eutem
916 3619 1003 3686 ultre
1034 3619 1202 3708 Gorgones
1232 3619 1316 3698 sitae,
1347 3621 1383 3684 in
1413 3643 1552 3708 quarum

499 3722 605 3790 hortis
629 3723 762 3812 fingunt
782 3721 904 3790 fabuleo
929 3721 1103 3788 draconem
1127 3721 1321 3810 pervigilem
1344 3745 1444 3788 aurea
1465 3723 1553 3788 mala

500 3829 697 3892 servantem.
746 3825 854 3893 Orisse
875 3830 910 3892 et
929 3823 1073 3914 Argire⁸
1096 3825 1212 3891 insulae
1233 3825 1269 3890 in
1286 3825 1401 3892 Indico
1423 3825 1552 3894 Oceano

500 3926 583 4008 sitae,
611 3927 693 3996 odeo
717 3927 879 3999 foecunoae
901 3927 994 4017 eopia
1019 3927 1229 3994 metallorum
1255 3933 1294 3999 ut
1319 3927 1467 4022 plerique
1497 3951 1552 3993 nu-

540 4319 642 4386 mae]
678 4318 949 4370 resonaremus
961 4319 996 4372 a.
1086 4291 1263 4392 saramania
1296 4323 1363 4375 nn.

537 4399 630 4544 ΞΞΙΒΉ
642 4398 789 4530 ἱῗῖἰξὲιίῖ
800 4477 831 4527 B.
1086 4423 1554 4508 'pernicitate.]'1'heaceentoverthe

538 4560 548 4590 ,
983 4559 989 4572 .
1052 4522 1553 4576 secondiinA.isinhlaokerinkthan

504 4655 518 4690 a
539 4555 832 4689 &ffeffi'ffffi
843 4558 1008 4689 ’31ῗῶἐὲ
1052 4601 1553 4656 thetcverthefireteudoftheeontext

504 4725 566 4770 text.
822 4741 827 4752 ·
1083 4720 1093 4748 ⁸
1108 4719 1190 4769 Crr'are
1210 4727 1232 4769 et
1252 4719 1354 4787 Aryire]
1369 4721 1408 4774 ie.
1420 4721 1517 4789 Gorya
1528 4731 1553 4774 et

538 4801 548 4830 ⁸
562 4795 697 4863 Geryones]
711 4796 741 4848 al.
755 4795 895 4863 Gorgades.
1051 4797 1159 4865 Argyre.
