3590 5844
440 851 506 914 320
730 865 911 914 nunooum
934 861 1184 914 ms‘romsnuu.

275 1039 404 1090 Theliis-
440 1035 500 1092 ideo
523 1035 661 1090 Arthurus
681 1035 745 1090 feeit
770 1033 929 1090 Rotundum
951 1033 1095 1098 Tabulam,
1124 1031 1199 1104 quod
1229 1049 1292 1086 eum
1316 1031 1355 1085 illi
1384 1031 1489 1086 nobiles

275 1171 345 1236 King

274 1108 373 1170 10‘501'
440 1119 537 1174 milites
561 1117 688 1172 deberent
713 1116 804 1172 sedere
829 1116 865 1172 sd
896 1114 1096 1188 prendendum,
1120 1132 1178 1170 non
1202 1132 1276 1170 unus
1299 1115 1381 1168 ultius
1405 1117 1489 1170 altero

440 1201 487 1257 sed
513 1219 608 1256 omnes
632 1201 772 1274 equaliter
796 1199 928 1264 sederent,
953 1205 980 1254 et
1012 1199 1142 1254 omnibus
1172 1198 1314 1270 oequuiiter
1337 1199 1488 1264 seminetur,

375 1276 382 1290 '
439 1287 478 1341 ite
495 1284 570 1360 quod
588 1285 683 1341 nullus
702 1283 735 1340 de
753 1285 807 1339 ulio
826 1283 1043 1356 superioritatem
1061 1279 1247 1354 praetenderet.
1287 1279 1333 1354 [B.
1347 1279 1405 1353 ιη.

871 1597 952 1664 One.
978 1597 1065 1664 LIV.

485 1780 587 1846 Tunc
609 1781 763 1848 invitetis
794 1779 998 1868 probissimis
1030 1781 1214 1868 quibusque
1241 1801 1285 1846 ex
1315 1781 1412 1867 longe
1435 1801 1490 1867 po

440 1881 515 1947 sitis
551 1883 661 1969 regnis
694 1883 796 1970 ooepit
832 1883 991 1948 familiam
1029 1903 1122 1948 suom
1156 1887 1378 1970 augmentare,
1417 1889 1492 1947 tan-

439 1991 572 2070 tumque
588 1985 745 2052 feeetiam
762 1985 797 2049 in
815 1985 951 2050 domum
974 1983 1089 2050 suem¹
1109 1984 1229 2050 habere
1244 1985 1316 2051 ite¹
1331 1991 1370 2050 ut
1392 2007 1492 2051 aemu-

441 2087 598 2152 lationem
629 2089 726 2174 longe
764 2087 976 2152 manentibus
1013 2087 1144 2174 populis
1181 2087 1364 2174 ingereret3
1403 2087 1492 2152 unde

442 2189 662 2254 nobilissimus
700 2189 838 2276 quisque
870 2189 1029 2254 incitatus
1066 2188 1114 2253 ni]
1154 2189 1319 2276 pendebat
1356 2211 1391 2254 se
1428 2190 1492 2254 nisi

442 2313 510 2356 sese
532 2290 620 2356 sive³
641 2290 810 2356 induendo
843 2291 914 2356 sive
946 2289 983 2356 in
1018 2311 1111 2355 arms
1133 2289 1268 2358 ferendo
1291 2291 1335 2357 ed
1357 2291 1492 2358 modum

442 2394 586 2459 militum
610 2393 751 2458 Arthuri
773 2393 921 2458 heberet.

488 2496 640 2581 Denique
662 2496 750 2560 famu
772 2493 959 2582 largitatis⁴
981 2499 1081 2580 atque
1104 2493 1282 2581 probitatis
1305 2495 1413 2560 illius⁶
1435 2519 1494 2583 per

443 2604 608 2662 extremos
630 2597 748 2663 mundi
780 2597 930 2662 cardines
946 2597 1129 2683 divulgato,
1152 2603 1312 2683 tunquam
1334 2600 1494 2664 secundus

446 2697 661 2779 Alexander?
676 2719 769 2785 reges
791 2699 1087 2763 transmarinorum
1110 2719 1285 2786 regnorum
1300 2701 1422 2766 nimius
1444 2701 1494 2765 in-

444 2799 588 2864 rudebat
611 2801 711 2865 timor
742 2821 784 2864 ne
807 2799 1051 2886 inquietatione
1074 2799 1145 2885 ejus
1177 2803 1322 2888 oppressi
1345 2804 1494 2868 nationes

446 2901 509 2966 sibi
531 2901 684 2966 subditus
706 2903 907 2967 amitterent.
954 2901 1164 2968 Mordaoibus
1193 2925 1270 2990 ergo
1294 2905 1379 2970 euris
1401 2905 1495 2969 anxi-

445 3003 493 3068 ati
515 3003 613 3068 urbes
628 3009 663 3068 et
676 2999 689 3040 ⁷
703 3003 835 3068 urbium
859 3009 966 3069 turres
985 3003 1198 3082 renovabant,
1221 3005 1341 3092 oppida
1362 3007 1399 3071 in
1421 3029 1496 3072 oon·

445 3106 535 3192 gruis
550 3104 631 3171 loois
654 3104 873 3183 aedificabant,
897 3103 962 3171 ut⁸
984 3105 1013 3170 si
1035 3105 1179 3191 impetus
1202 3107 1343 3172 Arthuri
1365 3109 1402 3172 in
1424 3109 1496 3174 illos

445 3205 608 3272 irrueret⁰
631 3207 805 3293 refugium,
822 3207 851 3270 si
874 3229 956 3294 opus
978 3213 1071 3285 esset,
1095 3207 1262 3276 haberent

492 3309 641 3396 Cumque
673 3309 709 3373 id
742 3309 890 3374 Arthuro
921 3309 1130 3374 notificatum
1162 3317 1247 3376 esset
1279 3313 1441 3378 extollens
1463 3335 1497 3378 se

446 3413 525 3498 quis
543 3413 670 3478 cunetis
692 3411 808 3476 timori
831 3409 939 3490 erat,¹⁰
955 3416 1060 3476 totum
1085 3411 1252 3498 Europum
1273 3414 1338 3480 sibi
1360 3415 1498 3482 subdere

448 3511 658 3580 offeotsbst¹¹
707 3512 835 3578 Purstis
857 3511 972 3577 inde¹2
994 3513 1139 3599 navigiis
1161 3513 1386 3602 Norguegism
1409 3517 1500 3603 prius

447 3615 565 3695 odivit,
590 3620 630 3680 ut
655 3614 745 3680 illius
769 3614 956 3680 diedemate
979 3613 1067 3680 Lotb
1089 3615 1248 3680 sororium
1278 3639 1375 3682 suum
1397 3619 1499 3706 insig-

446 3718 543 3782 niret.
602 3717 686 3781 Erat
708 3715 798 3780 enim
813 3713 839 3752 ¹³
863 3715 951 3780 Loth
973 3737 1074 3802 nepos
1107 3715 1265 3782 Siohelini
1299 3720 1385 3806 regis
1414 3719 1499 3786 Nor-

448 3819 648 3906 wegensium
682 3819 739 3905 qui
763 3839 802 3883 ea
824 3821 1022 3904 tempestate
1045 3816 1221 3884 defunctus
1242 3841 1381 3908 regnum
1404 3845 1500 3888 suum

448 3922 556 3988 eidem
588 3921 816 3988 destinaverat
871 3920 920 3986 At
942 3919 1184 4007 Norwagenses
1207 3921 1374 4010 indignati
1405 3925 1500 3990 illum

482 4271 686 4338 ῑᾰωυιηειιαω]
701 4273 838 4323 domorum
873 4271 938 4322 B.D.
1029 4273 1085 4339 ὀί]
1105 4281 1185 4340 etque
1220 4275 1285 4326 B.D.

480 4351 551 4418 ¹ito]
570 4367 619 4400 om.
653 4351 687 4401 D.
1033 4351 1094 4417 ἀί]
1114 4367 1154 4404 ne.
1189 4353 1255 4404 BJ).

480 4429 627 4494 'cassiod
641 4428 696 4478 sive
713 4427 748 4478 in.
782 4428 813 4478 B.
848 4428 883 4478 in.
918 4428 950 4480 D.
1030 4431 1166 4498 ’ἰπνοκαῆ
1185 4433 1294 4483 duceret.
1327 4433 1393 4484 B.D.

480 4507 635 4574 ⁴impitab'o]
655 4507 715 4570 ejus.
729 4507 784 4558 edu
818 4508 884 4558 B.D.
1033 4509 1131 4576 1Νῆα]
1151 4519 1222 4561 esset.
1256 4511 1290 4562 D.

481 4587 582 4654 ¹iilius]
602 4601 650 4636 om.
685 4585 750 4636 B.D.
1032 4588 1048 4618 ¹¹
1060 4587 1208 4655 offscmbat]
1228 4589 1335 4640 affectat.
1370 4590 1435 4641 BJ).

425 4727 432 4739 .
480 4661 951 4732 ·unquam....A1mnder]0m.
1034 4667 1054 4698 ¹²
1064 4666 1133 4732 inde]
1152 4668 1251 4718 deinde.
1286 4669 1351 4719 B.D.

446 4745 512 4796 B.D.
858 4823 861 4828 1
1033 4747 1051 4777 ¹⁸
1061 4746 1136 4812 enim]
1155 4756 1246 4799 summ
1280 4747 1346 4800 BD.
