3590 5844
289 3649 343 3700 The
354 3650 415 3702 mie·

288 3717 344 3766 oion
352 3717 382 3766 of
389 3719 425 3769 St.

289 3783 440 3848 Augustino

290 3849 356 3900 AD.
371 3854 427 3902 597.

457 875 523 940 366
761 887 942 942 numum
964 887 1212 942 Emortuom

494 1063 698 1124 Gumunduo¹
718 1063 847 1136 majorem
865 1067 970 1136 partem
988 1063 1086 1126 imula
1111 1079 1173 1136 qua
1192 1061 1301 1136 lagei·
1318 1068 1517 1137 rooatrrrprae-

456 1149 519 1205 buit
545 1147 711 1205 Saxonibua.
748 1147 927 1204 Sooeooerunt
953 1148 1046 1220 itaqua
1066 1147 1214 1204 Britonum
1237 1149 1359 1224 reliquiar
1379 1150 1409 1204 in
1432 1147 1516 1206 Oooi·

456 1233 577 1288 dentulus
598 1237 697 1304 partae,
722 1229 892 1287 cornubiam
910 1237 997 1304 atqua
1022 1231 1158 1289 Gualliu.
1192 1231 1273 1288 'Iuno
1297 1231 1514 1304 archipraesules,

455 1315 583 1372 Thronus
620 1314 820 1372 Londoniemio
850 1321 877 1370 et
908 1315 1067 1372 Thodiooue
1098 1315 1289 1382 Eboraoanoir,
1313 1333 1378 1372 oum
1411 1334 1511 1372 omnes

456 1399 581 1456 oooleaiao
604 1399 656 1455 ubi
680 1399 804 1456 subditae
822 1417 911 1473 uoquo
928 1397 965 1454 ad
983 1399 1102 1454 humum
1121 1399 1273 1456 dormiatur
1290 1417 1350 1456 ouo
1367 1399 1513 1466 udinem,

455 1502 520 1540 oum
543 1483 673 1540 omnibus
697 1482 829 1540 ordinem
852 1485 901 1558 qui
925 1483 1118 1556 superfuerant
1142 1484 1171 1540 iu
1197 1483 1321 1540 Gurlliu
1340 1482 1513 1555 diffugerunt

456 1586 519 1626 cum
549 1567 670 1640 miiquiir
701 1567 875 1624 Sanotomm.
913 1566 1009 1624 Plures
1044 1573 1138 1624 autem
1168 1567 1306 1624 Minorem
1336 1567 1512 1624 Britanniam

456 1671 558 1724 magno
585 1651 697 1722 navigio
721 1651 823 1716 ierunt,
835 1651 874 1706 ita
895 1655 928 1706 ut
951 1655 1011 1706 iota
1029 1651 1141 1708 ooaleoia
1165 1651 1283 1706 duarum
1307 1651 1512 1723 provinciarum

458 1737 578 1808 loegrio,
598 1737 707 1800 ooilioet,
728 1741 756 1792 et
787 1734 1058 1790 Northamhumbriae
1082 1753 1099 1790 a
1121 1733 1301 1790 oonvantibuo
1326 1733 1383 1790 auia
1407 1735 1513 1790 doeola·

456 1826 538 1876 ratur.
576 1819 642 1874 Pori
658 1818 765 1874 obitum
784 1817 942 1874 Gurnrundi
960 1817 1083 1874 Afrioani
1096 1817 1220 1874 Saxones
1238 1835 1350 1889 regnare
1368 1827 1512 1890 ooeparunt

457 1905 487 1959 in
518 1903 631 1960 diversio
654 1901 729 1966 looie,
761 1901 875 1974 quidam
905 1901 933 1956 in
968 1919 1055 1973 ragno
1080 1901 1315 1966 emunita-um,
1340 1901 1455 1974 quidam
1481 1905 1513 1958 in

456 2005 540 2059 mgno
564 1986 808 2052 vluit-Saxonum,
837 1985 952 2058 quidam
983 1987 1012 2040 iu
1036 2003 1122 2056 regno
1149 1985 1323 2050 Marciorum,
1349 1985 1463 2060 quidun
1480 1988 1511 2042 in

456 2091 541 2144 reguo
566 2070 892 2136 Northamhumbrorum,
917 2069 1030 2144 quidam
1062 2071 1091 2126 in
1123 2087 1209 2142 regno
1243 2069 1427 2126 Orieutuium
1451 2073 1511 2126 An·

457 2158 575 2228 giorum,
617 2153 730 2230 quidam
765 2155 793 2208 in
826 2171 911 2228 regno
947 2153 1129 2213 Orientalium
1173 2153 1324 2220 Saxonum,
1355 2153 1511 2210 secundum

459 2241 587 2295 Brutum.
625 2237 673 2310 [Β.
686 2237 726 2310 a]

502 2335 696 2400 Amiserunt
733 2331 851 2398 deindo
891 2331 1044 2398 Britonea
1079 2333 1172 2419 regni
1205 2331 1358 2398 diadema
1391 2332 1510 2398 multis

458 2437 662 2524 temporibus
685 2441 720 2502 et
744 2435 862 2501 insulae
880 2433 1113 2512 monarchiam,
1138 2455 1198 2500 neo
1228 2435 1403 2521 pristinam
1437 2435 1509 2520 dig-

457 2541 599 2606 nitatem
636 2559 827 2626 recuperare
866 2537 1070 2616 nitebantur,
1110 2537 1211 2602 immo
1248 2541 1378 2624 partem
1416 2537 1509 2602 illam

457 2641 574 2728 patriar
608 2663 681 2727 quae
712 2640 760 2706 eiu
790 2639 898 2704 adhuc
929 2644 1131 2704 remanserat
1157 2661 1225 2706 non
1256 2640 1315 2704 uni
1348 2639 1417 2728 rogi
1450 2640 1509 2704 aed

456 2743 564 2810 tribus
609 2742 710 2807 etiam
758 2741 911 2826 tyrannis
964 2741 1131 2806 subditam
1176 2741 1330 2807 civilibus
1382 2741 1508 2829 proeliia

456 2845 632 2932 oaepiseirue
654 2841 855 2924 vastabam
878 2844 936 2908 sed
958 2865 1017 2908 neo
1045 2843 1193 2910 Saxones
1215 2845 1368 2910 diadema
1389 2844 1508 2910 inaulae

457 2947 563 3012 adhue
586 2945 699 3034 adepti
730 2951 818 3025 sunt,
843 2945 900 3032 qui
930 2945 1040 3010 tribus
1071 2947 1174 3010 etiam
1204 2947 1339 3034 regibus
1370 2946 1506 3026 subditi,

458 3049 679 3137 quaudoque⁹
701 3048 766 3114 sibi
797 3049 860 3136 ipsi
896 3049 1092 3134 quandoque
1122 3049 1319 3116 Britonibua
1345 3049 1509 3134 inquieta-

458 3155 582 3219 tionem
605 3151 807 3240 ingerebant

874 3437 954 3504 Cur.
980 3435 1101 3503 LXXI.

503 3631 584 3698 E0⁸
622 3637 769 3716 temporo
806 3629 925 3692 missua
964 3633 1015 3694 est
1054 3627 1195 3694 Sanetus
1226 3629 1436 3718 Augustinus
1469 3631 1506 3696 in

457 3735 614 3822 Angliam
645 3755 666 3798 a
699 3731 803 3796 Beato
839 3731 998 3818 Gregorio
1030 3753 1117 3819 papa
1150 3731 1185 3796 in
1216 3731 1436 3814 Britanniam,
1465 3739 1505 3798 ut

456 3838 575 3926 Anglia
605 3835 754 3902 Verbum
784 3833 849 3899 Dei
880 3833 1085 3920 praedicaret,
1110 3835 1167 3919 qui
1191 3833 1327 3922 Pagana
1349 3837 1506 3922 superati-

456 3941 548 4007 tione
579 3935 761 4006 exooooati⁴
786 3938 823 4002 in
854 3935 946 4002 illam
976 3936 1094 4002 ineulae
1125 3941 1254 4022 purtem
1286 3959 1383 4024 quum
1407 3937 1507 4004 habe·

456 4043 539 4108 bant
577 4049 684 4108 totam
733 4041 924 4106 deleverant
966 4037 1261 4105 Christianitutem.
1324 4041 1366 4105 ln
1411 4046 1507 4128 parte

816 4243 1037 4251 --.-—..--—-—--
1052 4243 1176 4250 ..flu-—
1188 4243 1250 4250 --.

454 4389 458 4398 .
490 4351 549 4404 ¹De
557 4350 643 4416 regnis
663 4351 793 4404 Saxonum
804 4367 880 4418 supra
897 4353 962 4404 libro
1028 4351 1103 4418 ¹130]
1122 4353 1226 4404 Eodem.
1260 4350 1294 4402 D.
1326 4349 1417 4402 Minio
1447 4353 1506 4403 Au·

456 4438 552 4498 quarto.
572 4431 600 4480 in
622 4444 701 4494 marg.
719 4431 749 4480 B.
768 4431 795 4479 in
819 4431 887 4480 hand
903 4432 960 4496 (a).
994 4431 1090 4496 guerini
1109 4431 1137 4482 in
1162 4431 1293 4498 Angiiam.
1310 4430 1338 4480 in
1360 4445 1440 4496 marg.
1472 4433 1504 4484 B.

457 4511 522 4562 Thio
533 4511 613 4561 ahorn
621 4509 676 4560 that
687 4509 729 4559 the
741 4509 867 4559 additions
878 4509 906 4558 in
917 4511 960 4560 the
995 4523 1062 4562 anno
1079 4512 1112 4562 ab
1128 4511 1305 4564 Inoamatione
1321 4509 1426 4561 Domini
1445 4517 1504 4564 ⁵⁹2.

456 4591 525 4642 haud
536 4591 580 4655 (β)
592 4589 740 4640 veremudo
751 4588 836 4638 before
847 4587 918 4639 thore
933 4589 960 4638 in
994 4592 1051 4642 add.
1081 4609 1103 4642 a
1137 4591 1298 4656 Augustinus
1332 4591 1441 4642 mittitur
1476 4593 1505 4644 in

456 4671 602 4736 thaliam(
617 4671 637 4735 ).
994 4671 1126 4736 Anglium.
1144 4671 1172 4722 in
1189 4687 1268 4737 marg.
1302 4673 1336 4724 D.

489 4751 662 4818 'quaudoqud
682 4751 887 4816 quandoquoque.
904 4749 935 4800 B.
1027 4751 1175 4818 ‘mecaifl
1194 4752 1289 4803 oaeoati.
1324 4751 1388 4803 ul).
