3590 5844
584 856 767 914 aunosruu
790 855 1039 912 msromaauu
1268 847 1331 911 345

285 1035 328 1101 lic
357 1035 470 1122 itaque
507 1036 614 1104 videri
663 1039 795 1124 poterat
847 1033 922 1121 quis
959 1033 1063 1114 hasta,
1099 1032 1173 1118 quis
1214 1033 1334 1120 gladia
1349 1034 1477 1087 menia-

284 1137 358 1224 quis
382 1138 452 1205 telo
479 1139 682 1226 praevaleret.
743 1137 895 1224 Denique
922 1137 1078 1204 Britones
1116 1135 1255 1202 densata
1284 1102 1448 1234 oafflgf

284 1245 379 1306 terve
400 1240 596 1321 incedentes,
613 1243 840 1330 impetumque
860 1239 1083 1305 Romanorum
1106 1238 1245 1304 ferentes
1268 1257 1337 1302 sese
1350 1238 1448 1290 Arruns

285 1342 372 1408 infra
401 1343 631 1411 fortitudinem
663 1343 773 1432 proelii
808 1343 860 1408 sui
894 1363 968 1408 cum
1000 1342 1130 1408 Petreio
1164 1341 1336 1428 rccipiunt,

284 1445 343 1512 sed
372 1446 543 1514 confestim
575 1449 736 1534 impetum
766 1444 914 1510 fecerunt
944 1445 980 1509 in
1005 1444 1079 1510 illos
1108 1443 1180 1530 jam
1213 1446 1338 1509 rectore

286 1569 345 1614 suo
360 1547 503 1629 orbatos,
528 1549 600 1636 jam
642 1549 678 1613 in
717 1546 834 1634 majori
864 1551 957 1634 parte
997 1545 1194 1625 debilitatos,
1237 1549 1337 1631 atque

286 1655 380 1737 terga
407 1650 530 1718 eisdem
563 1650 781 1718 ostendentes.
843 1649 1078 1716 Incumbentes
1111 1649 1216 1736 igitur
1249 1647 1337 1734 ipsos

286 1775 307 1818 a
338 1756 431 1840 tergo
462 1753 606 1831 caedunt,
636 1773 736 1818 caesos
768 1755 994 1839 prosternunt,
1016 1755 1196 1838 prostratos
1230 1750 1336 1836 dispo·

285 1855 378 1934 liant,
398 1855 555 1942 spoliatos
576 1858 780 1942 praetereunt
807 1858 846 1920 ut
869 1859 1005 1920 creteros
1027 1854 1254 1940 insequantur,
1279 1853 1337 1918 sed

286 1962 321 2024 ct
347 1958 456 2045 plures
481 1959 617 2046 capiunt
643 1979 725 2044 quos
751 1957 822 2043 regi
849 1961 1060 2043 praesentant.

332 2060 510 2142 Postrema,
541 2064 717 2148 postquam
746 2059 827 2126 satis
850 2058 987 2145 periculi
1007 2059 1087 2146 ipsis
1120 2059 1336 2147 ingessenmt,

287 2161 538 2229 remeavemmt¹
563 2185 637 2230 cum
658 2162 772 2250 spoliis
794 2159 961 2248 captivis²
983 2161 1026 2226 sd
1048 2166 1163 2239 castra,
1187 2165 1222 2227 et
1251 2159 1339 2224 indi-

287 2269 400 2332 cantes
438 2265 518 2352 quid
555 2265 619 2332 sibi
656 2263 843 2331 acciderant
855 2262 885 2344 3³
930 2263 1097 2330 Petreium
1135 2267 1170 2329 et
1207 2267 1339 2329 caetcros

288 2367 436 2454 captivos
457 2367 606 2434 Arthuro
629 2387 703 2434 oum
725 2367 847 2432 laetitia
869 2365 1070 2432 obtulerunt.
1132 2365 1260 2446 Quibus
1282 2364 1345 2429 ille

288 2469 521 2555 congratulans
545 2469 684 2536 honores
706 2474 740 2534 et
762 2469 925 2534 honorum
948 2467 1235 2556 augmentationes
1265 2488 1339 2554 pro-

289 2570 389 2651 misit,
410 2571 565 2657 quoniam
581 2593 619 2637 eo
634 2571 770 2636 absente
793 2573 923 2636 tantam
946 2570 1146 2656 probitatem
1169 2569 1338 2638 commise-

288 2670 389 2738 runt.⁴
434 2672 593 2760 Captivos
615 2679 727 2738 cutem
749 2672 787 2737 in
808 2668 1018 2738 carceribus⁶
1037 2671 1170 2738 trudere
1202 2666 1340 2737 nolens⁶

288 2774 332 2840 ad
361 2795 395 2840 se
425 2776 585 2862 quosdam
619 2775 754 2840 vocavit
785 2773 843 2861 qui
873 2775 987 2840 cosin
1017 2775 1162 2840 crastino
1193 2773 1340 2839 Parisius

289 2875 447 2944 ducerent
476 2881 512 2944 et
541 2876 733 2944 custodibus
765 2876 878 2964 oppidi
908 2875 1129 2942 servandum⁷
1162 2876 1339 2954 traderent,

291 2977 393 3043 donec
430 2999 473 3044 ex
509 2979 575 3044 iliis
612 2979 705 3044 aliud
741 2977 814 3043 fieri
850 2979 1067 3066 precepisset.
1124 2978 1233 3045 Jussit
1266 2999 1344 3065 ergo

292 3079 453 3146 Oadorem
475 3080 600 3157 ducem,
625 3079 821 3146 Bedwerum
843 3079 1040 3166 pincernam,
1065 3101 1192 3146 necnon
1208 3085 1242 3146 et
1264 3081 1346 3146 duos

292 3180 440 3248 consules
471 3179 659 3247 Borelium⁸
697 3185 732 3246 et
772 3181 963 3246 Richerium
1001 3203 1076 3248 cum
1113 3181 1246 3246 famulis
1278 3181 1346 3246 suis

292 3283 379 3370 ipsos
402 3283 579 3349 conducere
602 3283 705 3349 donec
728 3283 891 3364 venirent,
926 3303 964 3348 eo
987 3281 1098 3369 quod⁹
1121 3283 1257 3348 minime
1282 3283 1348 3349 dis·

293 3382 540 3473 tirpationem¹⁰
562 3385 786 3452 Romanorum
808 3385 1004 3451 timuissent

337 3488 387 3553 At
412 3489 557 3556 Romani
581 3487 665 3554 forte
680 3487 918 3576 comperientes
941 3493 1137 3576 apparatum
1160 3488 1264 3554 istum
1287 3489 1347 3555 im·

225 3639 227 3645 -
293 3596 444 3680 peratore
462 3591 602 3678 jubente
617 3591 784 3678 elegerant
799 3587 919 3657 ΜΡ
937 3612 1081 3672 suorum,
1098 3589 1157 3677 qui
1172 3595 1267 3657 nocte
1289 3591 1349 3656 illa

187 3693 192 3704 '
293 3697 359 3764 iter
373 3715 486 3762 eorum
501 3693 692 3782 praecedunt
704 3692 730 3731 ¹⁹
744 3699 846 3780 atque
861 3715 936 3760 cum
956 3693 1035 3780 ipsis
1050 3695 1253 3781 congressuri
1273 3715 1349 3760 suos

293 3799 431 3866 liberare
453 3793 689 3884 prestarent¹⁸
735 3795 822 3884 Ipsis
844 3817 974 3883 quoque
996 3795 1212 3883 praefeeenmt
1235 3796 1349 3864 Guite·

330 4145 525 4212 'remeaverurt]
576 4150 725 4196 remearunt
770 4141 801 4193 B.
875 4143 1039 4210 'Jrsar'teryo
1067 4181 1073 4195 .
1103 4180 1109 4194 .
1139 4181 1146 4194 .
1175 4181 1181 4195 .
1210 4143 1238 4194 B
1265 4141 1347 4210 ellam]

294 4223 321 4277 1)
843 4221 947 4286 Injured
958 4223 992 4288 by
1000 4223 1120 4274 moistnre
1131 4222 1158 4272 in
1170 4223 1204 4274 A.

322 4261 338 4334 '¹
349 4303 467 4370 captivis]
487 4312 520 4354 et.
554 4318 639 4368 praem.
674 4303 739 4354 ΕΙ).
875 4314 971 4381 Quod]
990 4330 1047 4380 qno.
1074 4314 1138 4366 B.D.

295 4383 503 4513 eiggpidegrt]
523 4383 659 4433 accederat.
694 4383 725 4433 B.
759 4398 800 4433 ²0·
840 4407 1111 4538 Bgdr'srr‘rputiorreru]
1132 4405 1345 4459 disturbationem.

328 4540 524 4606 ⁴commiserart]
549 4540 731 4591 commiserant.
765 4541 798 4591 D.

329 4618 499 4686 'samaritum
518 4635 618 4670 carcere
658 4619 685 4669 l)
873 4582 889 4612 Η
902 4579 987 4648 ω’]
1006 4579 1049 4632 ᾗ·
1077 4579 1112 4628 A'

330 4697 444 4764 rudem]
462 4699 557 4749 volens·
591 4657 656 4750 BiD.
686 4656 692 4668 ⁵
874 4671 1052 4740 Πρνιυεεᾱιιητ]
1067 4671 1244 4738 precederent
1278 4670 1345 4722 B.D.

330 4779 505 4844 ²rerrsarrdmrr]
523 4781 666 4830 servandos,
699 4781 732 4831 1),
874 4765 892 4794 ¹⁸
898 4764 1057 4831 prestarent]
1076 4769 1221 4828 perstarent.
1255 4761 1321 4814 B.D.
