3674 5800
492 864 536 930 36
787 875 971 930 rumorum
993 871 1244 928 merosum.

325 1046 365 1126 0!
370 1045 481 1100 Amuo·
492 1047 684 1128 exurebant,
710 1053 744 1115 et
774 1047 849 1116 ideo
871 1046 1057 1114 Amazones
1088 1043 1188 1114 dioti¹
1219 1045 1367 1128 suntid
1392 1047 1545 1127 estsine

324 1115 481 1236 min?
492 1151 651 1218 mammis
714 1150 791 1218 Hoo
821 1149 977 1228 Isidorus,
1002 1149 1089 1215 libro
1119 1165 1166 1216 lx.
1223 1148 1296 1216 Hes
1325 1149 1545 1216 unimammas

493 1254 572 1320 olim
600 1254 711 1320 uocati
746 1251 848 1334 sunt,⁹
872 1274 1013 1342 quorum
1043 1252 1210 1319 feritatem
1239 1253 1366 1340 primus
1396 1251 1545 1318 edomuit

492 1355 659 1437 Heruuies,
699 1357 816 1422 deinde
847 1354 993 1422 Achilles
1005 1352 1027 1435 ;⁸
1065 1377 1169 1440 usque
1206 1355 1250 1420 sd
1286 1354 1545 1422 internecionem

490 1461 622 1546 penitus
644 1465 724 1526 sunt
746 1459 873 1539 deletes,
897 1458 956 1526 sed
978 1459 1040 1524 hoo
1062 1459 1175 1546 potius
1199 1479 1258 1546 per
1279 1479 1422 1525 umorem
1445 1479 1545 1544 quum

490 1563 647 1650 vigorem,
671 1561 756 1628 siout
782 1562 819 1626 in
845 1559 957 1627 Gestis
984 1559 1173 1626 Graerorum
1204 1559 1397 1628 eontinetur.
1443 1559 1544 1626 Alex·

492 1664 618 1732 sundro⁴
648 1663 771 1751 Magno
793 1663 838 1756 eir
863 1663 910 1730 eis
930 1661 1059 1728 tribute
1084 1661 1270 1748 postulanti
1296 1663 1411 1751 regins
1444 1661 1545 1730 Amsr

492 1789 613 1834 nonum
654 1767 704 1834 its
746 1765 936 1854 respondit:
984 1763 1035 1830 De
1076 1769 1137 1830 tus
1178 1765 1362 1852 prudentie,
1406 1763 1435 1831 Ο
1475 1787 1544 1847 rex,

492 1869 680 1936 mirandum
717 1874 768 1936 est
798 1868 887 1956 quod
916 1889 991 1933 oum
1021 1865 1153 1932 feminis
1191 1867 1348 1934 dimicare
1378 1865 1525 1936 statuisti
1536 1892 1545 1948 ;

493 1972 623 2059 quiesi
645 1969 688 2036 αὖ
713 1970 818 2048 nobis,
844 1969 979 2034 fovente
1001 1968 1145 2050 fortune,
1170 1973 1206 2035 te
1229 1969 1441 2036 succumbere
1467 1991 1544 2036 oon-

492 2075 610 2161 tinget‚
628 2073 746 2140 merito
777 2071 841 2138 eris
865 2071 1029 2150 confusus,
1061 2093 1136 2137 oum
1158 2093 1180 2137 s
1204 2071 1398 2140 mulieribus
1422 2071 1467 2137 sis
1490 2073 1544 2140 de-

492 2177 609 2244 victus.
657 2175 755 2255 Quod
778 2175 806 2240 si
829 2173 924 2238 iretis
943 2173 1039 2238 nobie
1062 2173 1134 2252 diis,
1150 2170 1235 2239 nos⁶
1258 2175 1413 2256 devincis,
1430 2197 1545 2262 purum

492 2280 557 2346 tibi
595 2277 706 2345 oedit⁷
737 2279 774 2342 in
799 2276 957 2343 honorem
998 2276 1088 2363 qnod
1127 2275 1168 2342 de
1206 2277 1400 2342 mulieribus
1429 2278 1547 2342 trium-

492 2383 610 2470 phasti.
649 2381 756 2469 Super
776 2379 869 2466 cujus
891 2379 1101 2467 responsione
1137 2401 1196 2446 rex
1233 2377 1417 2446 admiratus
1438 2379 1526 2446 dixit
1538 2405 1547 2461 ;

493 2485 622 2552 Deoens
651 2483 720 2548 fore
759 2503 828 2547 non
862 2503 923 2569 per
961 2481 1109 2570 gladium
1140 2486 1176 2547 et
1215 2480 1360 2548 furorem
1395 2481 1547 2548 mulieres

492 2587 623 2654 vincere
649 2586 706 2651 sed
735 2585 846 2672 potius
875 2606 934 2670 per
959 2607 1104 2650 umorem
1134 2583 1271 2665 ellioere,
1296 2589 1430 2672 propter
1459 2585 1547 2671 quod

493 2689 684 2756 libertatem
710 2688 756 2754 eis
787 2685 955 2768 consessit,
986 2693 1021 2754 et
1050 2688 1140 2774 ipses
1170 2707 1229 2776 per
1254 2687 1435 2754 smioitism
1471 2687 1547 2754 sub·

488 2791 631 2880 jugavit.

884 3084 965 3152 cnr.
990 3083 1153 3152 XXXIX.

894 3271 945 3337 Do
968 3269 1134 3358 Pho-yyu‘cn

325 3467 483 3534 osl’hrygis
540 3461 705 3528 Pflsrols
735 3459 824 3526 dioto
846 3464 896 3526 est
926 3481 947 3524 o
970 3457 1116 3545 Phrygis
1143 3459 1285 3548 Europis
1307 3459 1386 3538 filis,
1413 3481 1488 3546 quse
1513 3465 1548 3526 et

434 3645 436 3650 Ι
494 3563 667 3630 Dardanis
699 3562 790 3628 diets
824 3566 884 3642 est,
920 3585 941 3628 s
975 3561 1143 3641 Derduno,
1180 3563 1279 3630 Jovis
1308 3561 1386 3643 filio,
1410 3563 1451 3628 de
1482 3585 1548 3650 quo

492 3665 657 3733 Homerus
678 3665 746 3730 sit:

584 3781 718 3861 “Quem
741 3779 869 3867 primus
891 3779 1010 3866 genuit
1032 3780 1159 3846 selesei
1181 3779 1318 3866 Jupiter
1341 3777 1460 3846 areu

494 3896 562 3962 Hio
592 3896 761 3982 profectus
790 3895 831 3959 de
864 3893 1025 3960 Corintho
1057 3895 1205 3976 civitate,
1229 3896 1354 3982 primus
1386 3895 1481 3961 venit
1511 3897 1547 3962 in

494 3997 682 4085 Phrygium.
728 3996 791 4062 Est
814 4001 927 4062 sutem
949 3997 1039 4084 regio
1062 3997 1182 4063 Trosdi
1205 3998 1390 4084 superjecto
1412 4020 1433 4063 o
1455 4005 1548 4085 perte

495 4099 672 4186 Aquilonis
704 4098 856 4180 Gelotiue,
878 4121 898 4164 o
924 4097 1110 4164 Meridieno
1141 4101 1253 4166 vicino
1282 4105 1333 4166 eet
1363 4099 1546 4186 Lyoeoniae,

527 4433 619 4500 ¹dice]
637 4433 719 4485 dioto.
754 4431 784 4481 B.
1075 4433 1170 4485 ⁴Notn
1188 4431 1215 4483 in
1231 4447 1311 4500 msrg.
1329 4432 1401 4483 AD.

525 4515 626 4566 'vorati
640 4512 710 4578 unt]
728 4517 889 4562 rocaverunt.
923 4511 988 4562 B.D.
1076 4513 1127 4578 ἀ]
1146 4512 1287 4564 Interiined
1303 4512 1331 4562 in
1347 4513 1381 4564 Δ.

526 4592 666 4660 ·Δε1ιι’11ιι]
684 4591 839 4643 Alexander.
857 4590 900 4652 D..
914 4605 948 4640 on
964 4605 997 4641 sn
1075 4591 1152 4658 'nos]
1170 4606 1220 4642 om.
1254 4590 1319 4642 B.D.

493 4667 998 4737 erasure‚sndinseeeminglyditiersnt
1075 4669 1171 4736 'eedoJ
1190 4669 1269 4722 uedeo
1302 4669 1334 4720 B.
1368 4669 1444 4722 adst
1478 4668 1511 4718 D.

493 4753 567 4804 haum
610 4750 613 4758 '
1075 4749 1200 4800 'Versus
1218 4749 1246 4800 tn
1262 4763 1342 4816 marg.
1359 4747 1392 4798 D.
