3656 5800
617 893 801 946 amomon
824 891 1073 965 msrosmnuu.
1300 885 1367 955 271

317 1089 424 1136 nanus
455 1065 574 1136 videns
602 1067 751 1135 homines
784 1089 860 1134 suas
891 1089 1068 1135 accrescere
1098 1073 1133 1134 et
1162 1070 1276 1136 volens
1315 1091 1371 1136 eos

316 1193 437 1258 augere
469 1171 562 1238 misit
592 1172 635 1238 ad
665 1171 821 1238 comitem
852 1171 1039 1250 Oornubica
1064 1170 1201 1238 Diamot
1223 1173 1368 1255 nomine,

317 1281 359 1340 ut
389 1275 453 1340 sibi
494 1275 737 1340 transmitteret
774 1291 847 1339 nm.
884 1273 1056 1340 hominum
1097 1279 1273 1354 aratorum,
1312 1277 1370 1362 qui

317 1378 440 1446 scirent
462 1382 585 1444 terram
608 1377 711 1444 colere
734 1382 770 1443 et
798 1376 942 1444 fructum
966 1377 1151 1464 producere,
1176 1379 1369 1464 quistatim

314 1479 377 1548 sibi
401 1481 493 1548 missi
516 1485 598 1548 sunt
620 1485 664 1566 et
677 1479 819 1565 quilibet
845 1479 977 1547 illorum
1000 1480 1037 1546 in
1058 1501 1118 1546 suo
1142 1479 1271 1567 gradu¹
1294 1482 1374 1546 est²

317 1588 494 1672 promotus.
542 1583 696 1652 Consum
719 1604 794 1650 eum
816 1583 884 1650 suis
913 1603 1033 1649 uxores
1056 1584 1204 1650 volentes
1226 1587 1369 1672 accipere

317 1692 352 1752 et
374 1685 540 1774 indignati
570 1707 645 1752 cum
669 1685 882 1772 Francigenis
904 1686 1116 1767 commisceri,
1141 1687 1304 1754 miserunt
1326 1689 1369 1754 ad
1436 1757 1439 1764 ,

316 1789 455 1856 Diamot
477 1787 632 1854 comitem
661 1790 751 1875 quod
784 1789 831 1854 eis
863 1789 1014 1854 mitteret
1036 1803 1105 1856 xm
1129 1790 1312 1876 puellarum
1335 1797 1370 1856 et

316 1891 485 1978 virginum
508 1895 543 1958 et
564 1891 743 1958 liberarum
765 1895 801 1958 et
823 1907 934 1957 vluna
952 1896 1147 1958 caeterarum
1169 1915 1229 1979 pro
1253 1894 1368 1980 populi

315 1993 562 2072 communitate,
587 1993 676 2080 quod
705 1998 740 2062 st
763 1993 879 2058 statim
908 1992 1033 2060 facturn
1061 2000 1118 2060 est.
1180 1994 1270 2060 Nam
1293 2017 1368 2081 pro-

316 2097 423 2184 priam
445 2097 558 2175 liliam,
582 2097 715 2162 nomina
732 2095 890 2162 Ursulum
916 2117 976 2182 pro
998 2117 1074 2184 rege
1099 2096 1236 2164 Oonano
1261 2102 1369 2164 trans-

319 2199 419 2276 misit,
442 2220 517 2286 quae
552 2199 619 2266 fuit
652 2200 786 2266 ductrix
809 2199 960 2268 omnium
994 2199 1186 2285 virginum3
1229 2199 1372 2286 qualiter

318 2306 430 2368 autem
476 2303 644 2388 expediti³
682 2308 761 2370 sunt
799 2301 881 2368 satis
921 2302 1109 2368 declaratur
1146 2303 1182 2368 in
1221 2303 1371 2370 Historia

320 2420 401 2470 xlm
425 2403 610 2490 Virginum.

715 2735 797 2804 Gar.
815 2736 976 2804 XXXVI.

362 2942 480 3008 Fscrs
517 2947 626 3030 strage
663 2942 833 3029 virginum
871 2945 908 3008 in
940 2944 1086 3026 Colonia,
1119 2947 1255 3034 quidam
1278 2970 1369 3036 reges
1381 2965 1508 3032 Irrupuon

317 3043 444 3132 Pagoni
475 3047 609 3111 nomine
647 3045 796 3112 Gnavius
842 3047 926 3113 alius
972 3049 1083 3135 Melga
1127 3071 1203 3116 curn
1247 3073 1368 3139 magna
1380 3035 1523 3160 fflffl,

317 3147 531 3213 multitudine
577 3147 759 3231 Dacorum,
803 3148 991 3231 Hunorum,
1041 3151 1210 3218 Pictorum
1254 3167 1455 3220 versusPicu.

318 3250 526 3316 Britanniam
549 3273 583 3316 se
607 3251 757 3338 dirigunt
779 3258 852 3318 tum
875 3253 954 3339 quia
977 3260 1055 3320 sunt
1079 3252 1270 3337 Christiani,
1295 3263 1369 3322 tum

317 3354 396 3440 quia
426 3353 536 3440 patria
568 3353 684 3420 orbata
716 3359 767 3420 est
798 3355 841 3421 ab
869 3358 960 3422 omni
990 3357 1116 3422 auxilio
1139 3359 1239 3424 virili.
1294 3359 1369 3425 Rex

316 3455 542 3522 Maximianus
574 3477 671 3522 omns
700 3457 802 3522 robur
833 3464 1035 3525 armatorum
1068 3482 1179 3526 secum
1210 3461 1369 3530 conduxit

315 3560 359 3625 ad
380 3580 520 3645 ragnum
542 3558 752 3626 Armoricum
776 3561 1017 3629 debellandum.

360 3661 582 3728 Venientibus
628 3662 771 3749 Paganis
808 3667 916 3729 totam
954 3665 1163 3732 Britanniam
1209 3665 1367 3753 Majorem
1382 3665 1507 3716 Thens-

315 3763 402 3830 ferro
425 3769 460 3829 et
483 3763 618 3829 flamma
641 3764 881 3846 devastabant3
924 3767 1013 3852 quod
1035 3769 1189 3834 videntes
1212 3769 1368 3834 Britanni
1380 3735 1514 3850 lgnffld

317 3871 433 3936 Romae
471 3872 633 3937 miserunt
671 3871 861 3937 auxilium⁴
899 3874 942 3938 ab
981 3873 1028 3939 eis
1066 3875 1256 3962 flagitando,
1295 3866 1479 3942 sub-fmil-

310 3973 490 4060 jectionem
527 3979 721 4061 perpetuam
755 3975 988 4061 promittendo.
1046 3976 1227 4044 Venientes
1265 3979 1370 4067 igitur

317 4073 459 4140 Romani
492 4097 604 4141 omnes
635 4075 785 4140 inimicos
808 4099 829 4140 a
859 4077 1037 4143 Britannia
1067 4081 1288 4166 expulerunt3
1318 4083 1369 4148 fu-

313 4177 401 4264 gatis
438 4177 580 4242 inimicis
619 4178 760 4244 Romam
789 4179 952 4259 adierunt,
975 4181 1120 4248 dicentes
1142 4181 1203 4250 sel
1236 4185 1370 4252 omnino

318 4381 394 4388 -—--
599 4384 851 4392 --.-——-......-.-
860 4385 982 4392 --u—
996 4387 1189 4397 ...ψη-,Ἥ
1215 4391 1220 4398 ,
1231 4393 1267 4398 -.

348 4493 459 4562 wratiss]
478 4501 550 4548 Statu·
583 4495 618 4547 D·
901 4509 1006 4560 ⁴Romoe
1027 4513 1143 4563 mucrone
1166 4513 1298 4581 auxilium]
1317 4515 1369 4566 Ro·

348 4623 417 4688 ‚oefl
452 4624 627 4677 Infflnffin
638 4625 673 4678 A.
866 4605 934 4641 mam
967 4591 1089 4642 auxilium
1121 4593 1249 4645 miserunt.
1304 4596 1368 4647 B.D.

321 4673 325 4680 ·
866 4669 1033 4722 withscaret
1050 4687 1083 4722 on
1099 4673 1161 4724 rach
1179 4674 1232 4726 sida
1252 4673 1282 4725 of
1297 4676 1369 4725 auxi·

348 4740 488 4807 'expeditsl
508 4744 638 4807 expeditu.
671 4743 735 4796 Bm.
769 4761 816 4795 un·
867 4746 923 4798 lium
934 4747 961 4797 in
972 4748 1002 4800 Β.

315 4819 396 4871 decim
407 4818 476 4870 mille
488 4820 616 4888 Virginea
632 4821 748 4891 iunarg.
782 4825 815 4875 D.
898 4827 955 4895 ἐι]
975 4843 1023 4880 om.
1057 4829 1090 4880 D.
