3674 5800
506 861 549 936 70
803 879 986 932 eunomus
1007 878 1256 930 srsromasum

339 1069 459 1137 orIuly.
505 1051 668 1136 gagatem,
700 1051 904 1138 margaritas,
936 1050 1094 1115 corallum
1120 1053 1156 1115 et
1184 1049 1303 1114 beem¹
1332 1069 1462 1135 quoque
1492 1069 1559 1114 ser·

505 1157 649 1240 pentem,
685 1157 719 1218 et
754 1153 884 1239 lyncem
920 1153 1033 1234 feram,
1068 1157 1103 1218 et
1132 1153 1257 1217 multas
1287 1151 1400 1216 adum
1437 1151 1559 1238 species

507 1255 695 1342 singulares.
743 1254 826 1321 Haec
840 1258 931 1342 regio
948 1256 1069 1320 dicitur
1090 1253 1240 1340 Hesperu
1254 1253 1297 1318 ab
1313 1253 1410 1319 stella
1431 1275 1561 1340 vesper·

507 1359 580 1424 tina
604 1362 722 1424 vocata
746 1357 924 1445 Hesperus,
947 1359 996 1424 ita
1020 1363 1054 1424 et
1081 1357 1254 1444 Hispania,
1278 1377 1317 1422 eo
1341 1357 1430 1443 quod
1452 1355 1559 1422 Groeoi

507 1460 696 1547 navigando
722 1460 759 1526 in
783 1460 919 1526 Italiam
943 1464 978 1526 et
1002 1459 1202 1548 Hispaniam
1231 1460 1269 1524 in
1294 1457 1446 1524 noctibus
1467 1457 1559 1524 illam

507 1562 637 1628 stellam
675 1563 906 1642 considerant;
944 1563 1002 1628 sed
1033 1561 1223 1650 Hispania⁹
1253 1561 1375 1628 dicitur
1412 1561 1560 1648 Hespero

508 1663 641 1730 Ultima
663 1663 775 1751 quod³
797 1665 915 1731 ultimo
930 1665 1001 1731 loco
1017 1666 1078 1731 sub
1095 1666 1221 1733 Occasu
1241 1669 1293 1732 est
1306 1666 1420 1731 locata
1468 1663 1560 1730 Huc-

507 1789 612 1854 usque
644 1766 800 1833 Isidorus.
857 1769 952 1834 Inter
979 1789 1092 1834 omnes
1116 1769 1266 1856 regiones
1299 1767 1441 1855 Europae
1469 1765 1562 1832 Occi-

507 1871 655 1936 dentales
694 1870 795 1935 Italia
836 1870 968 1936 obtinet
1002 1871 1252 1958 principatum3
1297 1871 1421 1936 insulas
1457 1870 1561 1934 habet

506 1972 640 2050 nobiles,
670 1976 705 2038 et
728 1977 843 2059 portus
870 1974 970 2038 maris
996 1974 1149 2060 insignes,
1175 1973 1300 2039 cunctis
1325 1972 1452 2038 divitiis
1473 1971 1561 2037 locu-

505 2075 618 2162 pletes,
635 2075 788 2140 civitates
811 2075 986 2162 populosas
1009 2075 1093 2140 bene
1108 2076 1267 2156 munitas,
1283 2074 1355 2140 auri
1375 2079 1410 2140 et
1430 2075 1561 2161 argenti

507 2178 600 2263 copia
616 2175 833 2242 abundantes.
881 2177 942 2242 Est
965 2181 1078 2242 autem
1094 2183 1210 2242 contra
1226 2176 1406 2256 Orientem,
1423 2175 1560 2264 Septen·

505 2281 658 2356 trionem,
680 2284 715 2344 et
738 2279 950 2345 Occidentem
973 2279 1141 2344 altissimis
1165 2280 1308 2366 Alpibus
1330 2279 1560 2345 circumcincta

506 2387 542 2448 et
566 2382 732 2446 montium
754 2381 845 2468 jugis
876 2381 1010 2462 vallata,
1041 2403 1085 2447 ex
1117 2382 1237 2468 quibus
1260 2384 1412 2448 oriuntur
1435 2381 1561 2447 nobilia

507 2483 658 2562 fiumina,
682 2483 814 2563 scilicet,
840 2483 984 2562 Rhenus,
1008 2482 1195 2564 Danubius,
1226 2483 1323 2570 quae⁴
1349 2483 1560 2550 Germaniam

507 2585 749 2674 praeterfluunt,
768 2589 803 2650 et
831 2585 1013 2651 Rhodanus
1035 2608 1110 2652 cum
1134 2585 1270 2652 Samnia
1292 2591 1327 2652 et
1356 2587 1462 2652 multa
1486 2587 1561 2670 alia,

508 2711 583 2774 quae
599 2687 743 2753 Galliam
765 2687 932 2753 maxime⁶
953 2688 1220 2776 Lugdunensem,
1242 2687 1502 2768 Narbonensem,
1527 2695 1562 2754 et

507 2790 678 2877 Belgicam
701 2791 739 2856 in
761 2790 876 2856 multis
902 2790 981 2856 locis
1007 2797 1213 2878 percurrunt.
1259 2789 1369 2857 Multa
1390 2791 1431 2858 de
1459 2791 1561 2856 Italia

508 2893 551 2958 ad
580 2913 725 2980 praesens
762 2893 948 2959 omittimus
978 2915 1053 2980 quaa
1083 2893 1120 2958 in
1149 2897 1318 2980 posterum
1347 2893 1477 2982 plenius
1512 2893 1562 2958 di·

508 2993 640 3062 cemus⁶

906 3383 988 3450 Osa.
1011 3381 1173 3450 LXXIX.

943 3593 993 3662 De
1008 3593 1127 3664 Rosa

346 3810 480 3865 ossone
559 3813 713 3880 &mnus
742 3809 921 3899 provincia,
951 3813 993 3874 ut
1022 3809 1072 3877 ait
1102 3810 1216 3894 Varro,
1242 3813 1309 3881 fere
1332 3820 1443 3884 totum
1468 3843 1563 3886 mun·

515 3915 595 3981 dum
618 3914 794 4002 superabat
817 3918 852 3980 et
871 3913 1107 3980 dominabatur
1119 3938 1128 3994 ;
1150 3937 1229 3981 nam
1253 3923 1363 4006 partes
1383 3921 1470 3987 orbis
1492 3923 1564 4012 plu.

514 4019 614 4085 rimas
637 4017 862 4084 Romanorum
889 4017 1044 4104 potentia
1067 4015 1237 4084 edomuit⁷
1291 4020 1373 4088 Fuit
1399 4025 1564 4111 quondam

547 4446 1011 4516 ¹aaeam]1am.a.00n.a0m.
1098 4446 1107 4475 ⁴
1203 4449 1267 4499 inm
