3656 5800
595 931 779 985 nnnocmn
800 931 1049 986 meronnncn.
1273 915 1339 991 277

291 1114 443 1195 quartam
473 1107 589 1174 feriam
624 1107 839 1175 hebdomades
878 1103 1103 1186 dicavenmt¹
1133 1125 1208 1192 quae
1238 1126 1340 1192 usque

288 1211 385 1278 hodio
424 1210 670 1278 Wodenesdci⁹
712 1209 903 1299 appelletur.
963 1209 1044 1275 Post
1080 1207 1175 1274 illum
1205 1208 1341 1274 colimus
1353 1219 1464 1296 woten-

287 1313 381 1378 dccm
411 1313 500 1380 inter
539 1319 674 1380 ceterae
714 1311 987 1401 potentissimam,
1021 1310 1181 1377 vocabulo
1213 1309 1339 1389 Frcom,
1354 1287 1431 1338 ‘⁸⁶²¹'

289 1414 342 1480 cui
372 1415 473 1482 etiem
503 1415 698 1482 dicavenmt
726 1421 855 1482 sextam
884 1413 1001 1480 feriam
1035 1436 1110 1500 quae
1140 1413 1181 1480 de
1208 1411 1342 1480 nomine

290 1515 361 1604 ejus
383 1517 532 1604 Frydci³
553 1539 715 1584 vocemus
1354 1523 1461 1592 rrymi.

335 1619 391 1686 Ad
421 1621 491 1688 hoco
520 1641 600 1688 rex:
633 1621 684 1686 De
714 1621 780 1686 fide
809 1624 921 1686 vestm
950 1619 1092 1686 multum
1114 1619 1276 1698 condolco,
1301 1620 1343 1685 de

293 1728 403 1788 vestro
433 1723 580 1789 adventu
610 1723 752 1789 multum
781 1723 979 1810 congaudeo,
1017 1722 1096 1809 quia
1125 1721 1162 1786 in
1195 1728 1343 1808 tempore

292 1845 435 1911 congruo
465 1825 535 1891 sive
565 1823 657 1890 Deus
686 1825 757 1891 sive
786 1823 870 1890 nlius
899 1824 983 1890 mihi
1006 1845 1066 1890 vos
1093 1823 1223 1890 obtulit
1270 1823 1372 1889 Rex.

292 1931 403 1992 autem
452 1926 610 1992 concessit
646 1927 694 1992 eis
731 1948 804 1993 cum
839 1948 873 1992 se
906 1925 1020 2014 ipsos⁴
1056 1925 1251 2007 conversari,
1295 1926 1344 1993 its

293 2027 382 2112 quod
423 2049 498 2094 cum
543 2027 742 2094 Christianis
782 2051 849 2094 non
890 2029 1143 2094 commiscerent.
1196 2027 1344 2094 Tandem

293 2129 386 2196 dedit
417 2129 465 2195 eis
494 2133 625 2196 vestem
654 2151 755 2196 rmam
785 2131 830 2195 ed
859 2130 1031 2197 colendum
1056 2129 1128 2195 its⁵
1157 2135 1197 2196 ut
1225 2151 1284 2218 por
1309 2151 1344 2196 sc

295 2237 536 2311 conversarent,
567 2232 763 2298 fidelitatem
794 2229 898 2299 vero⁰
926 2237 961 2298 et
998 2231 1187 2320 homagium
1224 2232 1268 2298 cb
1297 2232 1344 2299 cis

294 2333 424 2420 recepit.

340 2435 507 2503 Genuerct
536 2437 625 2504 enim
648 2459 709 2503 rex
737 2439 779 2504 dc
808 2457 912 2504 uxore
936 2435 1127 2504 Christiane
1156 2443 1223 2503 tres
1249 2436 1343 2516 filios,
1357 2448 1413 2501 The
1421 2446 1492 2498 three

296 2557 435 2624 quorum
464 2537 600 2604 nomine
635 2539 744 2619 sunt,⁷
775 2537 949 2618 Vortimer,
986 2539 1157 2626 Kctigem²
1198 2513 1504 2646 Pascentffigm·

298 2639 383 2706 Moti
407 2647 486 2707 sunt
511 2639 600 2706 enim
622 2639 709 2707 Picti
733 2646 848 2708 contre
869 2663 980 2728 regem
999 2646 1133 2727 propter
1154 2640 1347 2707 occisionem

298 2741 498 2809 confratrum
527 2765 661 2810 suorum
691 2742 749 2830 qui
778 2743 957 2830 decapitcti
987 2740 1144 2808 fuerunt⁰
1168 2743 1347 2810 Londoniis

297 2865 356 2931 pro
386 2850 492 2911 morte
514 2845 601 2932 regis
624 2845 813 2912 Constantii
834 2844 996 2912 monsobi.

345 2947 610 3036 Congrediuntur
639 2948 753 3035 itaque
784 2947 965 3015 christiani
995 2953 1030 3014 et
1051 2948 1177 3038 Pogeni
1209 2949 1246 3016 in
1268 2971 1350 3016 cux-

298 3050 394 3116 ilium
423 3049 613 3137 Vortigemi
636 3057 750 3117 contra
772 3050 902 3130 Pictoe3
924 3052 1118 3138 pugnabant
1140 3053 1189 3118 its
1209 3052 1352 3120 tiriliter

297 3151 425 3239 Pogoni
455 3157 571 3246 contre
601 3151 712 3218 Pictos
742 3152 831 3238 quod
862 3149 1045 3218 Christiani
1068 3175 1136 3219 non
1157 3153 1352 3243 indigebant

299 3275 453 3342 pugnare.
500 3253 575 3318 Rex
605 3253 708 3340 igitur
730 3251 871 3320 victorie
896 3253 1024 3339 potitus
1054 3255 1159 3320 multe
1188 3256 1276 3322 done
1305 3256 1353 3323 eis

300 3355 450 3433 contulit,
481 3359 580 3442 atque
610 3357 685 3422 duci
716 3354 881 3444 chgisto
904 3355 997 3422 dedit
1019 3379 1115 3444 egros
1136 3357 1295 3444 plurimos
1317 3360 1353 3424 in

301 3457 490 3544 Lyndcsein
529 3457 711 3546 Hengistus
734 3480 813 3524 vero
835 3455 971 3524 callidus
997 3464 1032 3524 et
1055 3465 1206 3525 versutus
1232 3461 1354 3547 petivit

299 3579 321 3622 c
342 3578 420 3644 rege
452 3555 624 3622 civitatem
656 3563 822 3622 muratam
852 3555 981 3622 dicens:
1015 3555 1140 3624 Ditceti
1173 3581 1227 3624 me
1252 3560 1353 3647 largis

298 3658 388 3746 egris
418 3664 453 3724 et
479 3658 627 3738 culturis,
659 3657 744 3725 neo⁹
774 3663 887 3724 temen
917 3679 956 3724 eo
986 3659 1110 3725 honore
1140 3681 1205 3747 quo
1237 3661 1353 3728 ducem

301 3761 455 3827 decuerat
480 3782 555 3826 cum
585 3761 685 3826 duces
708 3783 761 3826 me
783 3760 1026 3848 progenuerint.
1074 3761 1137 3828 cui
1159 3783 1219 3828 rex
1241 3762 1355 3830 Vorti-

301 3885 440 3950 gcmus:
475 3862 667 3929 Prohibitus
680 3862 705 3900 ¹⁰
728 3863 811 3928 tciic
837 3863 975 3928 donaria
1005 3862 1100 3928 vobis
1131 3863 1244 3952 largiri
1273 3866 1352 3951 quia

301 3965 453 4054 alicnigae
463 3963 486 4002 ¹¹
522 3965 602 4031 estis
633 3971 668 4032 et
692 3964 827 4054 Psgeni,
860 3986 920 4030 neo
951 3964 1059 4030 adhuc
1092 3986 1197 4032 mores
1230 3973 1356 4036 vestros

307 4161 470 4170 ——-.-—-
484 4163 581 4170 -.-----«Ι

337 4293 513 4360 ¹dicovcrunt]
532 4293 719 4345 dedicaverunt.
742 4293 807 4344 B.D.
888 4291 959 4358 ‘2'th
979 4307 1028 4342 om.
1062 4292 1128 4346 B.D.

303 4373 479 4425 Wodenesdal.
513 4373 549 4423 in¹
562 4389 642 4438 marg.
677 4373 712 4424 A.
747 4373 808 4426 Wo·
887 4383 978 4450 σηοω]
997 4400 1047 4436 om,
1080 4385 1147 4438 BJ),

304 4451 741 4598 eefyssaffigsrgodffiffi
774 4533 808 4584 D·
887 4480 980 4547 mu]
999 4481 1131 4534 neenec.
1165 4483 1199 4535 n.

339 4607 471 4675 ‚Fmdaq
495 4609 607 4676 mm·
641 4611 672 4662 B·
706 4611 808 4678 hyda
888 4574 1148 4641 'scamarum
1184 4575 1216 4627 D.

306 4685 425 4753 inmmg.
454 4687 489 4738 A.
512 4689 624 4756 nyny.
641 4689 667 4741 in
683 4705 763 4756 marg.
779 4692 809 4745 n.
888 4669 966 4737 Ἢ]
985 4685 1043 4722 ⁰⁰¹¹·
1076 4671 1107 4722 B·

309 4765 436 4832 Frcydey.
448 4765 474 4817 in
482 4757 562 4833 marg.
595 4770 629 4820 D.
891 4762 1074 4832 '‘Prohibitac]
1093 4781 1156 4817 enm.
1190 4769 1247 4820 adt
1281 4769 1346 4821 B.D.

341 4846 389 4895 *ει
402 4844 480 4911 ipsos]
499 4846 595 4912 seipsis.
628 4848 693 4900 RD.
891 4855 1044 4925 ¹¹aiicniqoe]
1063 4858 1218 4925 alienigene.
1251 4861 1316 4914 B.D.
