3696 5794
634 909 816 959 nusoorou
838 909 1085 960 nrsronranmr.
1321 896 1385 962 189

336 1097 474 1154 perperam
497 1084 622 1136 amorum
646 1081 809 1153 asperrimus
834 1087 974 1138 corrector.
1023 1081 1135 1152 Semper
1158 1099 1240 1138 suum
1264 1083 1389 1153 gestabat

335 1166 466 1231 libellum,
483 1165 511 1220 id
529 1171 579 1230 est,
600 1165 771 1231 Psalterium‚
786 1170 819 1220 ut
837 1166 984 1239 siquando
1003 1171 1118 1232 vacaret,
1131 1165 1259 1238 arriperet
1276 1170 1303 1222 et
1319 1165 1388 1238 vigi·

335 1250 404 1304 lanti
425 1249 505 1304 oculo
526 1254 696 1320 percurreret.

373 1332 525 1390 Edwardus
562 1351 609 1388 rex
646 1333 744 1389 devicit
780 1351 872 1404 regem
911 1333 1076 1399 Scottorum,
1108 1338 1135 1389 et
1169 1333 1258 1389 factus
1289 1337 1332 1390 est
1364 1333 1389 1388 ei
1403 1343 1533 1390 benamu

336 1415 419 1471 homo
441 1417 545 1486 legius;
565 1422 592 1471 et
609 1416 705 1472 babuit
725 1422 779 1472 tres
797 1417 877 1482 filios,
895 1419 942 1490 qui
962 1418 1111 1473 successive
1126 1422 1317 1488 regnaverunt,
1339 1418 1389 1472 sci·
1401 1396 1528 1492 Qsslgf'·

336 1501 407 1565 licet,
437 1499 628 1567 Edelstanum,
658 1499 849 1566 Edmundum,
879 1508 906 1556 et
937 1501 1102 1557 Eedrcdum.
1152 1501 1208 1556 Iste
1238 1501 1389 1556 Edwardus

336 1601 454 1655 regnum
477 1583 606 1649 obtinuit,
631 1583 782 1638 secundum
807 1585 985 1641 Willielmum
1006 1585 1284 1650 Malmesburiensem,
1315 1603 1389 1640 anno

339 1667 451 1723 Domini
471 1683 576 1722 nocco.
595 1667 682 1738 primo
700 1673 727 1722 et
744 1667 869 1739 regnavit
887 1685 981 1724 xxrn.
1020 1668 1171 1724 Literarum
1190 1669 1301 1723 scientia
1318 1669 1389 1722 mul-

337 1755 398 1807 tum
422 1755 498 1822 patre
516 1749 633 1816 inferior,
655 1750 702 1806 aed
720 1751 796 1822 regni
821 1756 953 1822 potestate
976 1752 1221 1824 incomparabiliter
1238 1752 1388 1824 gloriosior.

340 1833 394 1890 late
412 1833 468 1889 duo
479 1851 571 1905 regna,
585 1834 685 1889 scilicet
702 1833 866 1889 Merciorum
880 1840 908 1890 et
923 1835 1137 1890 Weataaxonum
1152 1835 1303 1906 conjunxit,
1317 1835 1389 1890 Mer-

338 1919 441 1972 ciorum
462 1918 574 1972 nomine
592 1923 683 1982 tenua,
703 1917 911 1974 commendatus
931 1918 995 1974 duci
1015 1919 1145 1975 Ethrcdo.
1183 1919 1307 1983 Marcios,
1328 1918 1389 1973 Ori·

338 2003 440 2056 entales
463 2007 491 2056 et
515 2001 704 2056 Occidentales
728 2001 842 2072 Anglos‚
867 2007 894 2057 et
918 2002 1123 2058 Nerthumbroa
1144 2003 1190 2075 qui
1215 2019 1278 2057 eum
1301 2003 1388 2056 Dania

334 2085 392 2156 jam
413 2084 467 2156 [in]
489 2103 576 2140 unam
594 2089 704 2156 gentem
723 2087 888 2150 coaluerant,
910 2091 937 2140 et
958 2085 1068 2141 Scottus
1088 2086 1134 2158 qui
1156 2086 1191 2140 ad
1209 2086 1388 2158 Aquilonares

338 2173 426 2239 partes
450 2169 614 2234 inhabitent,
637 2174 664 2224 et
684 2168 808 2224 Britones
830 2187 899 2240 quos
918 2187 970 2224 nos
989 2169 1141 2225 Wallenses
1162 2169 1286 2235 dicimus,
1310 2171 1389 2224 bellis

337 2253 496 2326 profugatos
509 2270 566 2308 suae
579 2252 676 2307 ditioni
694 2252 811 2324 subegit,
828 2271 878 2308 nec
895 2271 1020 2326 unquam
1034 2255 1064 2308 in
1081 2255 1173 2327 aliqua
1189 2271 1285 2326 pugna
1299 2253 1389 2308 bumi-

338 2337 431 2392 liorem
450 2355 564 2391 manum
583 2337 688 2392 habuit.
734 2337 789 2392 iste
810 2355 873 2392 cum
899 2337 986 2392 Danis
1008 2356 1079 2410 asepe
1098 2337 1274 2410 congrediens
1295 2337 1388 2392 multis

337 2439 431 2476 eorum
452 2421 546 2476 occisis
565 2426 674 2476 cuteros
696 2439 789 2476 omnes
811 2427 860 2476 aut
878 2439 895 2475 a
912 2439 996 2492 regno
1017 2423 1122 2493 expulit
1142 2427 1190 2477 eut
1207 2423 1236 2476 in
1257 2419 1388 2476 ditionem

338 2505 464 2576 suscepit,
483 2506 661 2576 regnavitque
682 2521 763 2575 super
780 2522 874 2560 omnes
895 2505 1037 2577 usquead
1056 2505 1223 2562 Humbrum.

375 2589 551 2643 Ethelstanua
572 2606 626 2653 rex,
648 2586 800 2642 secundum
821 2587 1001 2644 Willielmum
1020 2588 1298 2654 Malmesburlensem,
1322 2589 1389 2644 libro
1401 2597 1543 2644 Aethelatau.

339 2671 466 2738 secundo,
486 2672 622 2742 gloriosus
640 2689 687 2725 rex
712 2671 821 2752 Angliae
844 2671 900 2726 fuit
923 2677 951 2726 et
974 2689 1047 2727 anno
1067 2673 1178 2728 Domini
1201 2689 1387 2728 uccccxxrv.
1401 2649 1510 2695 ΑΒΜ

337 2775 448 2828 regnare
464 2756 546 2827 coepit
562 2761 589 2810 et
604 2755 729 2826 regnavit
744 2755 824 2809 annis
837 2772 912 2821 xvr.,
925 2755 995 2810 nihil
1008 2756 1127 2828 ignobile
1144 2756 1256 2812 habens.
1285 2756 1389 2812 Omnes

339 2845 519 2895 antecessores
541 2839 683 2894 devotione
707 2843 735 2893 et
760 2838 965 2910 triumphorum
989 2857 1102 2895 suorum
1123 2839 1265 2911 splendore
1292 2841 1389 2896 obscu-

338 2925 416 2980 ravit.
454 2923 528 2978 Huic
537 2923 706 2978 Adhelstano
720 2921 860 2978 Helardus
870 2941 915 2978 rex
930 2923 1093 2979 Noricorum
1104 2924 1178 2979 misit
1190 2943 1288 2981 navem
1302 2931 1390 2980 rostra

339 3026 420 3062 aurea
443 3012 470 3062 et
493 3008 584 3062 velum
604 3023 771 3079 purpureum
790 3006 945 3072 habentem,
965 3007 1050 3062 densa
1072 3009 1210 3063 testudine
1233 3010 1389 3081 clypeorum

339 3098 367 3147 et
390 3109 534 3147 aureorum
567 3091 643 3146 intus
667 3091 894 3162 circumgyratam
929 3095 956 3146 et
980 3090 1013 3147 de
1044 3091 1103 3147 aliis
1128 3092 1206 3149 donis
1231 3093 1292 3149 vida
1318 3093 1390 3148 inlra

341 3176 410 3231 libro
424 3177 529 3248 quinto.

377 3259 430 3313 llic
448 3259 625 3314 Ethelstanus
639 3257 832 3324 Gutblredunt,
844 3274 936 3329 regem
948 3258 1264 3325 Northamhimbrorum,
1277 3277 1388 3330 aregno

340 3344 445 3416 expulit
452 3365 461 3407 ;
485 3348 512 3397 et
535 3360 607 3397 anno
632 3342 746 3397 Domini
769 3343 1058 3398 nccccxxv1.totius
1077 3343 1185 3412 Anglise
1202 3343 1389 3398 monarchiam

340 3427 466 3496 suscepit,
479 3427 554 3482 solus
566 3429 593 3481 et
609 3426 712 3498 absque
721 3426 950 3492 contradictione;
966 3425 1042 3498 quod
1053 3425 1182 3481 Alfredua
1194 3432 1221 3481 et
1237 3426 1388 3483 Edwardua

340 3515 449 3582 propter
470 3511 615 3565 Danorum
634 3509 789 3565 invasiones
810 3509 877 3564 lene
896 3526 953 3564 non
973 3509 1110 3565 valebant.
1147 3509 1210 3581 lpse
1232 3509 1389 3566 Constanti·

339 3613 407 3649 num
428 3612 521 3665 regem
547 3593 646 3649 Scotiae
669 3611 755 3665 regno
778 3592 870 3648 cedere
894 3593 1036 3665 compulit,
1062 3611 1144 3665 quem
1167 3598 1262 3665 postea
1284 3594 1336 3649 sub
1361 3613 1390 3650 se

339 3695 450 3750 regnare
470 3677 592 3750 permisit
612 3678 718 3734 dicens:
750 3676 901 3733 Gloriosius
921 3681 962 3733 est
979 3693 1071 3748 regem
1089 3677 1175 3734 facere
1196 3695 1279 3750 quam
1298 3695 1390 3749 regem

339 3780 405 3818 esse.

377 3845 431 3901 Iste
455 3845 622 3900 Adelstanus
644 3845 733 3899 multa
763 3845 836 3900 bona
863 3845 980 3900 ecclesiis
1013 3843 1094 3900 avido
1116 3861 1192 3900 more
1214 3846 1338 3910 contulit,
1362 3851 1390 3901 et

341 3930 457 3986 ecclesiae
479 3929 651 3986 Batoniensis
670 3930 823 4000 precipuus
842 3927 997 3984 benefactor
1016 3929 1114 3984 extitit.
1159 3927 1213 3983 Hic
1232 3929 1262 3982 in
1280 3931 1390 3986 ecclesia

341 4013 577 4070 Malmeaburiensi
600 4012 750 4085 requiescit.
787 4012 880 4084 Hujus
901 4011 1043 4068 Adelstani
1066 4017 1188 4083 tempore
1208 4017 1329 4069 remotus
1348 4019 1390 4069 est

342 4098 514 4153 Dunstanus.
563 4096 619 4152 Iste
648 4095 827 4152 Athelstanus
850 4095 942 4151 cedere
970 4095 1103 4167 eompubt
1130 4095 1331 4152 Gornubiensea
1355 4097 1389 4153 ab

343 4182 489 4247 Excestria,
513 4181 590 4236 aliter
610 4179 726 4245 Exonia,
747 4197 830 4252 quam
859 4177 945 4234 adid
967 4179 1389 4253 temporistequicumnnglis

343 4267 406 4320 viris
429 4263 627 4320 inhabitabant.
674 4263 833 4317 Ter-minum
863 4263 1008 4333 provinciae
1039 4280 1097 4318 suae
1127 4263 1193 4318 citra
1228 4263 1387 4319 Sabrinam¹

343 4349 460 4404 fluvium
488 4349 667 4411 constituens,
689 4347 760 4402 sicut
781 4344 966 4401 Wallenaibua
998 4363 1107 4401 amnem
1126 4346 1234 4402 Waiam
1253 4353 1388 4419 posuerat.

342 4431 488 4488 Civitatem
512 4431 668 4504 praedictam
685 4429 806 4486 turribus
826 4429 991 4486 immunivit.
1030 4430 1063 4484 B.
1073 4446 1096 4487 a,

472 4651 494 4656 ,.,
505 4644 1387 4656 —--———————·-—·——-———-———-——-—-—

660 4805 666 4840 ¹
681 4803 826 4870 Sabrinam]
845 4819 909 4856 corr.
928 4805 1072 4856 'sambram
