3674 5800
625 893 811 949 aurosum
833 891 1083 948 auronum
1340 881 1382 947 at

733 1223 813 1290 Onr.
838 1222 980 1289 CXXII.

755 1415 806 1482 De
829 1412 956 1484 Suboeu.

374 1617 502 1686 Suam
523 1617 614 1708 regio
637 1617 746 1686 estin
768 1617 903 1698 Arabia,
925 1641 946 1684 a
968 1618 1038 1685 filio
1062 1616 1153 1686 Ohus
1174 1617 1221 1684 sio
1243 1621 1380 1702 vomta3
1394 1625 1535 1683 orsaorsa

327 1720 397 1792 haee
442 1747 462 1789 a
500 1721 734 1810 Septentrione
775 1719 990 1790 Chaldaeam¹
1037 1723 1291 1810 appropinquat,
1338 1725 1380 1790 ab

330 1827 457 1894 Ooeasu
480 1825 566 1894 Sinu
587 1826 729 1892 Arabico
756 1825 965 1907 terminatur,
981 1846 1003 1889 a
1030 1823 1173 1891 Meridie
1203 1825 1382 1913 AEthiopiae

330 1937 381 1998 est
403 1931 521 1997 vieina
566 1929 629 1996 Est
667 1929 757 1998 enim
794 1929 885 2016 regio
919 1927 1091 2010 thurifera,
1125 1950 1203 1994 nam
1240 1929 1277 1994 in
1314 1931 1385 2016 ejus

329 2033 469 2100 saltibus
506 2034 651 2120 myrrha,
685 2033 919 2112 cinamomum,
951 2031 1040 2111 thus,
1072 2035 1107 2096 et
1137 2030 1384 2098 aromatorum²

332 2158 454 2225 genera
474 2139 561 2202 sunt.
609 2135 714 2223 Regio
745 2134 881 2221 quidem
904 2125 1059 2220 locuplex
1080 2133 1117 2197 in
1147 2133 1317 2220 speciebus
1348 2139 1384 2200 et

332 2240 485 2328 pretiosis
514 2238 682 2325 lapidibus
713 2243 748 2304 et
775 2237 927 2304 metallis
975 2235 1030 2302 Ibi
1060 2240 1111 2302 est
1149 2237 1290 2323 phoenix
1312 2237 1384 2302 avis

331 2348 365 2408 et
394 2340 480 2406 alia³
513 2341 680 2408 mirabilia
709 2363 784 2428 quae
819 2341 855 2406 in
886 2339 945 2404 illa
974 2338 1108 2426 regione
1131 2339 1174 2404 ab
1197 2340 1385 2406 auctoribus

331 2445 529 2512 referuntur.
591 2443 634 2510 In
670 2445 741 2509 illa·
766 2442 939 2530 provincia
975 2441 1233 2507 dominabatur⁴
1269 2443 1384 2529 regina

334 2548 429 2628 Saba,
471 2567 545 2633 quae
588 2546 694 2612 totius
732 2545 853 2612 Afrieae
891 2545 959 2610 suis
996 2545 1200 2632 temporibus
1237 2544 1384 2611 obtinuit

333 2649 563 2739 principatum.
610 2649 685 2716 Hoa
723 2648 923 2714 Herodotus
972 2647 1102 2736 Regina
1138 2647 1205 2714 fuit
1241 2645 1383 2735 AEgypti

332 2758 367 2820 et
389 2751 577 2838 AEtbiopiae.

721 3051 802 3148 Car.
827 3049 989 3118 CXXIII.

730 3241 780 3307 De
802 3239 976 3308 Samaria.

378 3431 539 3500 Sumam
560 3432 652 3520 regio
674 3436 726 3500 est
748 3431 943 3514 Patauina,
967 3431 1022 3500 vel
1052 3432 1094 3498 ab
1125 3432 1247 3524 oppido
1275 3431 1331 3500 vel
1360 3441 1505 3526 sors-ag

331 3537 508 3626 metropoli
545 3536 684 3603 civitate
721 3535 910 3622 antiquitus
948 3535 995 3602 sie
1032 3536 1129 3604 dieta
1185 3535 1275 3602 Nam
1320 3526 1478 3603 sam·

330 3641 435 3706 maria
469 3639 637 3727 quondam
670 3637 737 3705 fuit
770 3639 890 3706 'nutas
923 3639 1042 3727 regalis
1078 3640 1117 3706 in
1148 3637 1275 3720 Israel,l
1306 3659 1382 3725 quae

332 3747 413 3809 tuno
450 3741 493 3808 ab
530 3741 685 3830 Augusto
723 3741 877 3808 Sebastia
914 3741 1102 3810 vocabatur.
1156 3742 1240 3810 Hae
1275 3742 1385 3808 media

337 3846 428 3934 regio
450 3847 539 3912 Inter
561 3844 716 3912 Iudaeam
739 3849 774 3912 et
797 3845 968 3914 Galilaeam
986 3846 1083 3932 jaeet.
1118 3843 1174 3912 Ab
1196 3845 1255 3912 illa
1275 3847 1385 3932 patria

332 3971 412 4037 gens
428 3947 713 4016 Samaritanorum
735 3969 857 4014 nomen
879 3952 930 4014 est
952 3951 1079 4030 sortIta,
1095 3950 1184 4014 unde
1199 3971 1220 4015 a
1234 3948 1385 4016 Samaria

332 4051 413 4119 dieti
435 4055 515 4118 sunt
552 4049 762 4130 Samaritani,
802 4051 934 4134 soilioet,
959 4052 1091 4138 captivi,
1124 4051 1203 4138 quia
1234 4051 1385 4118 Samaria

330 4154 419 4221 idem
439 4155 527 4241 quod
553 4155 703 4221 custodia
726 4149 820 4236 eat38
841 4153 920 4242 quia
942 4155 1111 4242 captivato
1133 4155 1255 4242 populo
1278 4153 1382 4220 Israel

330 4259 366 4324 in
396 4258 454 4323 illa
486 4257 597 4344 patria
627 4257 693 4323 fuit
727 4256 883 4324 derelicta
920 4258 1053 4347 regibus
1091 4255 1302 4346 Assyriorum
1339 4257 1383 4328 ad

330 4360 588 4428 custodiendum.
634 4359 710 4427 Hoe
734 4361 889 4429 Isidorus
918 4397 919 4400 ¹

364 4662 538 4731 ΙΟΙιαΙάωαεε]
557 4663 690 4716 Cheldsa.
723 4663 789 4714 B.D.
909 4661 1109 4730 ‘dominatam
1127 4663 1203 4714 duet'.
1236 4661 1300 4714 B.D.

361 4744 554 4810 'manaae-am]
573 4752 719 4795 aromatum.
744 4743 810 4792 B.D.
860 4799 864 4816 ἱ
911 4741 1028 4808 Uermi]
1047 4743 1154 4808 Anglia.
1188 4741 1220 4795 B.

363 4822 449 4890 ’alia]
463 4820 827 4877 ThelartaintsrlirrediuA.
913 4823 982 4892 Fert]
1000 4837 1050 4874 om.
1083 4823 1116 4874 B.
