3656 5800
443 781 509 856 270
736 796 920 850 anuoormr
946 793 1194 848 nrsrouranna

487 969 693 1038 Maximiano
730 970 889 1036 maritato
927 975 962 1036 et
999 969 1036 1035 in
1072 989 1185 1058 regem
1223 971 1379 1036 coronato
1418 992 1492 1036 cum

440 1073 564 1140 honore
586 1079 622 1140 et
644 1073 792 1138 maximo
816 1072 994 1140 Britonum
1024 1093 1136 1140 amore
1166 1093 1307 1159 reguum
1330 1072 1493 1140 manant

442 1177 519 1263 Ipso
549 1177 693 1262 quadam
725 1176 779 1242 die
809 1197 885 1242 cum
915 1175 1079 1242 militibus
1109 1173 1200 1242 suis¹
1233 1174 1403 1242 alludente
1435 1197 1493 1242 au·

440 1279 527 1344 divit
549 1279 590 1344 de
621 1279 766 1366 quadam
797 1283 887 1345 terra
917 1283 1084 1358 extranea,
1108 1278 1241 1346 uomius
1264 1279 1490 1356 Armorieaua,

344 1405 355 1422 ·
440 1382 481 1448 de
503 1382 669 1450 thesauris
703 1387 738 1448 et
765 1381 807 1447 de
840 1381 969 1448 divitiis
1000 1381 1190 1468 aliqualiter
1220 1381 1371 1448 fabulari.
1418 1381 1492 1448 Hoc

272 2009 408 2062 Armorica

273 2079 349 2142 given
358 2087 385 2128 to

274 2143 398 2198 Consum.

272 3351 387 3396 Maximus

271 3403 358 3446 elected
371 3414 418 3446 eru·

272 3455 388 3568 arni,

272 3557 296 3598 in
306 3555 404 3598 Britain.

271 3605 326 3650 MD.
334 3609 379 3654 388.

439 1506 499 1550 rex
521 1483 558 1550 iu
580 1485 676 1552 corde
705 1485 852 1552 retinens
881 1483 1030 1550 homines
1053 1484 1187 1572 colligit,
1211 1490 1335 1552 aoetuur
1357 1485 1491 1562 adunat,

440 1591 476 1654 et
497 1607 611 1654 versus
632 1587 724 1654 illam
747 1593 869 1654 terrm
892 1607 927 1652 ss
952 1587 1093 1654 viriliter
1115 1587 1239 1674 dirigit

485 1687 559 1756 Rex
581 1689 670 1756 enim
693 1695 799 1771 terrae,
818 1689 974 1756 Imbald²
989 1691 1133 1770 nomine,
1156 1690 1224 1757 iata
1245 1711 1334 1756 nova
1355 1691 1493 1758 audieus

439 1813 592 1880 proposse
629 1793 782 1860 resistere
812 1797 961 1870 conatur,
995 1793 1080 1858 nihil
1110 1797 1223 1858 autem
1252 1793 1379 1880 prount
1415 1795 1495 1882 quia

440 1895 477 1962 iu
499 1895 584 1962 hello
607 1895 787 1974 succubuit,
810 1900 845 1964 et
866 1895 1078 1962 membratim
1096 1895 1212 1982 jacuit.

487 1997 713 2066 Maximianus
743 1998 850 2084 igitur
883 2020 944 2064 rex
977 1999 1069 2066 illam
1098 2005 1223 2066 terram
1246 1997 1494 2064 Armoricauam

442 2099 577 2168 Gonane
612 2101 787 2168 Meriadok
818 2101 1024 2183 contribuit,³
1051 2101 1186 2168 diceus:
1234 2101 1310 2166 Nisi
1341 2123 1402 2190 ego
1433 2103 1495 2168 im-

441 2206 604 2292 pedisscm
641 2208 680 2272 tu
715 2226 774 2272 rex
813 2203 998 2272 Britanniae
1036 2204 1162 2282 fuisses,
1198 2209 1373 2292 propterca
1405 2205 1495 2271 vices

441 2309 505 2376 tihi
535 2309 751 2395 recompendo
763 2305 784 2388 ;⁴
805 2307 882 2376 volo
913 2307 1002 2394 quod
1024 2314 1063 2374 tu
1094 2309 1137 2374 sis
1160 2329 1220 2374 rex
1249 2309 1286 2374 iu
1308 2313 1397 2374 terra
1418 2309 1492 2390 ista,

442 2417 477 2478 et
498 2411 587 2498 quod
617 2411 735 2498 perdat
765 2433 888 2478 nomeu
910 2411 1102 2498 pristinum,
1131 2411 1263 2492 scilicet,
1289 2411 1495 2478 Armoricam

442 2519 476 2582 et
499 2517 636 2582 vocetur
665 2513 843 2580 Britannia
874 2511 1010 2594 Minor,⁶
1041 2514 1119 2600 quia
1149 2535 1170 2580 a
1200 2513 1394 2581 Britouibus
1419 2537 1496 2582 con-

443 2615 591 2704 queam
638 2615 738 2697 Quod
759 2637 882 2684 nomen
903 2615 1013 2682 adhuc
1034 2617 1165 2684 retinet

479 2744 535 2798 Iste
554 2743 739 2798 Maximianus
756 2760 814 2798 non
832 2744 923 2798 solum
942 2761 1059 2816 reguum
1071 2745 1243 2800 Armoricum
1262 2745 1310 2801 sed
1331 2745 1493 2804 lllteriorem

443 2827 561 2883 Galliam
584 2826 741 2900 adquisivit,
766 2827 988 2900 gravissimisque
1017 2829 1118 2899 proeliis
1141 2829 1223 2884 illatis
1253 2829 1410 2901 subjugarit
1433 2850 1494 2887 eam

442 2918 468 2968 et
486 2917 574 2968 totam
594 2911 782 2976 Germaniam
807 2911 836 2966 iu
857 2912 932 2966 omni
954 2912 1049 2983 proeho
1065 2912 1177 2968 victam
1200 2913 1304 2984 potitus
1323 2919 1371 2968 est.
1407 2915 1495 2970 'l'hro-

441 3015 510 3052 nuru
540 3001 632 3051 autern
654 2996 759 3066 imperii
781 2995 823 3050 sui
852 2995 927 3068 apud
949 2995 1079 3052 'l'reveros
1104 3001 1226 3051 statuens
1251 2997 1289 3052 ita
1313 2997 1494 3056 debacchatus

441 3083 529 3137 estin
552 3080 622 3136 duos
645 3081 827 3152 imperatores,
849 3079 1011 3135 Gratianum
1035 3086 1062 3135 st
1081 3079 1311 3148 Valentinianum,
1331 3081 1405 3154 quod
1427 3083 1494 3140 Gra·

440 3166 550 3222 tianum
574 3162 707 3236 Lugduni
730 3164 865 3236 perimens
889 3163 1115 3219 Valentinianum
1140 3183 1172 3219 ex
1203 3165 1291 3222 Roma
1310 3166 1425 3238 fugarit,
1445 3170 1493 3240 qui

440 3255 536 3322 postea
568 3249 631 3304 dolo
662 3248 809 3319 Arbogasti
839 3247 914 3319 apud
943 3247 1080 3302 Viennam
1111 3251 1298 3322 strangulatus
1330 3255 1379 3306 est.
1438 3251 1493 3308 Ista

442 3334 628 3390 Maximianus
646 3331 675 3388 iu
700 3333 844 3388 Britannia
874 3351 891 3387 a
920 3332 1054 3388 militibus
1079 3333 1225 3406 imperator
1244 3337 1412 3392 constitutus
1431 3337 1492 3403 fuit,

441 3436 515 3476 anuo
538 3418 573 3476 ah
599 3417 787 3474 lucaruatious
806 3417 920 3472 Domini
944 3432 1129 3483 cccoxxxr.;
1154 3417 1202 3490 qui
1224 3418 1337 3476 taudem
1366 3439 1384 3476 a
1405 3420 1494 3478 'lheo-

442 3503 519 3560 dosio
539 3502 627 3576 pnmo
650 3501 725 3574 apud
747 3501 886 3576 Aquiliam
909 3501 1014 3558 occisus
1037 3506 1087 3562 ast.

487 3613 580 3680 Tunc
611 3611 765 3680 Oonanus
795 3616 969 3678 coronatus
998 3615 1049 3678 est
1094 3633 1115 3676 a
1149 3613 1246 3700 rege⁷
1278 3613 1493 3698 Maximiano,

442 3717 592 3783 faciendo
615 3716 646 3782 ei
668 3714 866 3780 fidelitatem
889 3721 924 3780 ct
948 3713 1148 3802 homagium,
1173 3721 1208 3782 et
1229 3739 1367 3804 reguum
1390 3721 1432 3785 ab
1455 3743 1494 3786 eo

441 3820 594 3888 tenendo.
657 3818 731 3886 Rex
753 3839 833 3886 vero
857 3817 1082 3883 Maximianus
1106 3817 1245 3884 Romam
1276 3821 1397 3902 adiens,
1422 3822 1493 3888 Ma-

437 3923 549 4008 jorem
588 3921 799 3990 Britanniam
833 3920 984 3986 orbatam
1015 3920 1230 4008 relinquens,⁸
1264 3923 1342 4009 quia
1374 3924 1443 3990 lere
1476 3949 1497 3992 a

441 4025 625 4091 munitione
660 4024 831 4093 homiuum
866 4020 1038 4090 desolata⁰
1068 4029 1126 4090 est.
1178 4025 1251 4090 Rex
1282 4031 1396 4092 autem
1430 4028 1494 4096 Co·

441 4219 460 4226 ...
473 4217 666 4224 -m-1---.-..
683 4219 688 4222 ,
705 4217 723 4222 .-
741 4217 767 4222 .-
800 4215 1234 4224 ---—---.-—-----.---.—--..
1250 4217 1488 4228 ·--·-—-=—n—..—

474 4321 560 4387 1ειιίιι]
580 4339 628 4374 om.
663 4323 728 4374 B.D.
1019 4327 1191 4393 ‘conquassta]
1210 4335 1254 4378 est.
1272 4343 1358 4392 prem.
1392 4329 1456 4382 RD.

472 4401 737 4514 :Iml’aldlhffldss'
771 4403 802 4454 B·
1019 4431 1107 4498 iregne]
1127 4432 1183 4482 The
1192 4449 1221 4498 90
1232 4433 1366 4488 tnurlined
1377 4433 1403 4484 in
1415 4434 1449 4486 A.

495 4480 639 4546 contradunt]
658 4482 752 4532 trrburt.
787 4481 819 4532 B.

474 4559 659 4628 ⁴recompendo]
679 4575 846 4625 recompenso.
880 4561 944 4612 RD.
1019 4534 1188 4603 Medullius]
1208 4537 1364 4602 derelinquit
1398 4540 1431 4592 D.

471 4641 626 4692 ⁸Britannia
659 4639 751 4692 Minor.
791 4641 818 4691 iu
862 4655 944 4706 marg.
1019 4639 1162 4708 'desolaln]
1182 4643 1293 4694 liberata.
1327 4643 1357 4694 B.

439 4721 538 4774 A.B.D.
