3590 5844
472 887 538 950 328
762 899 944 950 aencorum
968 897 1214 950 nrsrommmr.

306 1097 362 1148 The
375 1096 434 1146 flis-
518 1075 688 1142 Postremo
718 1079 852 1162 peracta
877 1075 1080 1164 processione
1104 1079 1156 1140 tot
1174 1095 1306 1162 organa,
1330 1077 1383 1137 tot
1405 1079 1523 1137 cantos

305 1231 376 1294 King

307 1163 405 1230 ‘⁰¹5⁰‘
471 1179 507 1242 in
546 1179 694 1264 utrisque
732 1180 819 1243 liunt
865 1178 999 1264 templis
1037 1179 1087 1243 ito
1124 1183 1164 1242 ut
1208 1176 1313 1242 nimia
1350 1175 1523 1240 dulcedine

307 1297 413 1350 Ashur.
471 1281 594 1346 milites
624 1281 682 1367 qui
712 1281 852 1346 aderant
881 1280 969 1368 quod
1007 1279 1206 1367 templorum
1239 1277 1338 1345 citius
1371 1281 1523 1364 peterent

470 1381 679 1450 nesciebant¹

517 1485 725 1552 Catervatim
747 1507 826 1573 ergo
856 1507 945 1552 nunc
974 1485 1016 1551 ad
1044 1485 1106 1551 hoc
1136 1507 1224 1552 nunc
1254 1483 1298 1549 ad
1333 1481 1416 1548 illud
1447 1503 1525 1546 con·

472 1587 629 1666 fluebant,
661 1593 696 1653 et
725 1587 755 1652 si
774 1591 867 1654 totus
900 1588 970 1653 dies
998 1588 1209 1654 celebrationi
1233 1591 1366 1653 vacaret
1396 1583 1525 1649 nullum

472 1691 611 1756 taedium
632 1689 731 1754 elicui
754 1696 933 1777 generaret
979 1690 1113 1756 Divinis
1143 1691 1279 1756 tandem
1302 1687 1466 1774 obsequiis
1487 1685 1524 1750 in

473 1797 613 1878 utroque
643 1792 815 1858 celebratis
844 1813 904 1859 rex
927 1797 960 1858 et
993 1793 1108 1880 regina
1145 1793 1334 1858 diademata
1362 1789 1447 1856 sua²
1469 1790 1526 1854 de·

473 1899 610 1982 ponunt,
634 1895 813 1981 assumptis
834 1894 1013 1962 levioribus
1035 1897 1248 1976 ornamentis,
1270 1895 1341 1982 ipsc
1363 1892 1406 1958 ad
1428 1914 1526 1958 suum

473 1997 635 2084 palatium
657 2018 732 2062 cum
755 1997 845 2076 viris,
863 1997 935 2084 ipsa
956 2019 1034 2063 vero
1056 1997 1100 2063 ad
1121 1997 1213 2064 aliud
1236 2019 1311 2063 cum
1333 1995 1526 2061 mulieribus

473 2100 643 2186 epulatum
688 2099 854 2178 incedunt,
892 2100 1065 2186 antiquam
1103 2100 1216 2166 enim³
1254 2098 1525 2165 consuetudinem

473 2201 581 2287 Trojae
619 2203 830 2292 observantes
842 2227 850 2283 ;
893 2225 971 2270 nam
1009 2203 1101 2270 inter
1134 2207 1307 2290 magnates
1343 2201 1451 2288 Trojae
1488 2200 1526 2264 in

473 2303 591 2369 diebus
613 2303 819 2370 festivalibus
842 2325 969 2393 semper
991 2305 1057 2372 fuit
1079 2306 1248 2372 usitatum

520 2405 697 2474 Collocatis
719 2407 847 2474 cunctis
869 2413 909 2473 ut
932 2407 1079 2496 dignitas
1108 2407 1314 2496 singulorum
1337 2405 1524 2494 expetebat,

474 2508 582 2574 Kaius
605 2509 732 2596 dapifer
763 2509 926 2576 herminio
960 2516 1096 2576 ornatus
1127 2511 1217 2576 mille
1239 2511 1406 2576 nobilibus
1428 2509 1526 2575 comi-

474 2615 573 2689 tatus,
599 2612 657 2696 qui
695 2633 808 2678 omnes
845 2611 1008 2678 herminio
1045 2613 1166 2696 induti,
1190 2613 1313 2680 fercula
1346 2635 1420 2678 cum
1454 2611 1526 2697 ipso

475 2713 721 2780 ministrabant.

519 2814 573 2878 Ex
603 2815 669 2880 alia
690 2837 769 2882 vcro
799 2823 893 2904 parte
917 2817 1110 2886 Bedweram
1142 2819 1330 2907 pincernam
1354 2818 1447 2884 vario
1477 2821 1528 2882 to-

473 2915 579 2982 tidem
612 2917 727 2984 amicti
760 2924 853 2986 veste
884 2921 1104 2989 ministrando
1134 2929 1325 3010 sequuntur,
1357 2923 1527 3008 portantes

473 3019 585 3106 ciphos
615 3025 650 3086 et
683 3021 881 3088 multimoda
913 3025 1030 3111 pocula
1063 3045 1138 3091 cum
1169 3027 1240 3112 ipso
1272 3023 1524 3090 distribuebant.

475 3120 518 3186 In
547 3123 671 3208 palatio
701 3145 831 3212 quoque
863 3127 986 3214 reginae
1020 3127 1276 3194 innumerabiles
1306 3126 1448 3192 ministri
1477 3123 1526 3188 di-

474 3225 578 3292 rersis
607 3228 811 3294 ornamentis
832 3227 945 3294 induti
968 3229 1160 3317 obsequium
1193 3253 1289 3296 suum
1321 3227 1528 3317 praestabant

474 3327 696 3394 ministerium
734 3351 831 3396 suum
863 3338 1060 3410 exercentes,
1090 3332 1212 3420 quem‘
1243 3333 1272 3398 si
1310 3331 1524 3398 describerem

473 3429 633 3498 omnino³
655 3431 794 3498 nimiam
818 3431 965 3499 historiae
988 3435 1214 3521 prolixitatem
1237 3455 1436 3522 generarem.
1470 3433 1526 3498 Ad

474 3535 609 3599 tantum
631 3533 720 3598 enim
743 3539 869 3600 statum
892 3535 1068 3622 diguitatis
1091 3536 1268 3602 Britannia
1288 3540 1368 3602 tunc
1390 3535 1527 3602 reducta

472 3631 571 3700 erat⁶
602 3635 690 3721 quod
727 3635 821 3723 copia
858 3636 1062 3717 divitiarum,
1100 3637 1210 3706 luxu⁷
1248 3642 1526 3718 ornamentorum,

474 3735 593 3805 facetia
614 3737 806 3819 incolarum,
822 3744 942 3806 caetera
964 3763 1066 3829 regne
1088 3741 1268 3808 excelleret.
1314 3739 1528 3826 Quicrmque⁸

474 3839 565 3904 enim
596 3839 740 3907 famosus
772 3843 940 3929 probitate
974 3844 1069 3910 miles
1100 3845 1221 3930 quiin
1253 3866 1292 3909 ea
1323 3843 1414 3909 curia
1446 3848 1527 3924 erat,

474 3942 572 4007 unius
603 3943 720 4010 coloris
751 3945 899 4012 vestibus
932 3951 1031 4032 atque
1053 3947 1153 4012 armis
1184 3945 1351 4024 utebatur,
1397 3947 1526 4012 Facetae

472 4043 600 4112 etiam⁹
637 4047 788 4114 mulieres
831 4047 1015 4116 consimiles
1052 4055 1159 4116 vestes
1203 4049 1362 4115 habentes
1406 4049 1528 4115 nullius

512 4419 517 4450 ¹
532 4417 680 4486 nesciebam]
700 4419 839 4473 interlined
851 4418 877 4471 ln
890 4421 924 4473 A.
1056 4423 1143 4490 ἐναι]
1162 4429 1207 4475 est
1242 4421 1307 4474 BD.

508 4498 656 4608 :ara]⁰1n.
691 4499 724 4552 D·
1055 4527 1147 4594 'tesard
1167 4528 1274 4580 vestium
1285 4535 1317 4578 ct.
1334 4527 1390 4579 add.
1423 4527 1457 4580 D.

529 4579 604 4644 earm]
629 4595 677 4630 om.
712 4580 746 4631 D.

508 4657 610 4724 imm]
630 4673 694 4723 qum·
729 4659 762 4710 D·
1056 4633 1280 4698 'Notainmnrm
1316 4633 1387 4684 An.

509 4736 682 4790 'describerem
693 4738 798 4804 manino]
818 4739 922 4790 omnino
935 4741 978 4792 de·
1056 4738 1161 4805 'eliam]
1181 4738 1280 4793 etenim.
1317 4737 1351 4790 D.

474 4818 583 4870 beribere
593 4833 728 4884 pergerem.
764 4818 828 4870 BD.
