3590 5844
591 977 773 1030 auaocrun
796 979 1043 1030 msroauaun.
1268 965 1333 1030 333

287 1155 473 1222 diedemate
495 1154 679 1222 Britanniae
713 1155 891 1244 insignitus
922 1156 1079 1222 thronum
1112 1153 1254 1221 Romani
1276 1155 1479 1220 imdrhenir-

286 1261 369 1348 perii
391 1259 505 1347 adepti
528 1263 614 1325 sunt.
650 1258 840 1325 Oensctisne
863 1280 941 1346 ergo
963 1259 1107 1345 vectigal
1129 1257 1191 1324 ex¹
1217 1257 1336 1323 Roma·
1349 1237 1449 1367 {gfff

286 1365 338 1428 nis
359 1362 563 1450 petenduml
608 1360 659 1426 De
676 1361 785 1427 Gallia
806 1365 918 1427 autern
941 1363 1011 1427 sive
1034 1361 1074 1426 de
1097 1361 1338 1427 collateralibus
1351 1369 1458 1419 Anbar.

286 1466 403 1530 insulis
419 1487 493 1530 ‘non
516 1469 566 1531 est
589 1465 853 1552 respondendum
868 1487 943 1531 cunr
967 1465 1040 1530 illas
1062 1463 1262 1552 diffugerent
1284 1463 1340 1528 de-

286 1569 419 1634 fendere
449 1568 583 1654 quando
605 1567 758 1634 easdcm²
779 1569 938 1654 potestati
964 1566 1101 1633 eorum³
1124 1565 1338 1634 subtraheba-

288 1693 371 1738 mus.
419 1671 503 1736 Haec
526 1675 560 1736 et
582 1670 647 1735 alia
677 1691 715 1735 eo
748 1670 886 1748 dicente,
911 1669 1038 1734 Hoelus
1072 1691 1130 1734 rex
1153 1669 1338 1734 Arm0rica·

288 1795 406 1838 norum
430 1772 606 1839 Britonum
637 1778 771 1839 caeteros
793 1773 976 1859 praecedere
998 1774 1110 1860 jussus
1134 1773 1170 1837 in
1192 1792 1340 1837 sermone

289 1876 324 1938 in
347 1875 398 1940 his
421 1875 531 1941 verbis
554 1875 625 1963 regi
648 1875 797 1941 Arthuro
820 1874 991 1962 respondit
1005 1899 1059 1940 :—

727 2221 808 2288 Cra
835 2223 905 2290 LX.

335 2431 443 2495 chnT
473 2431 701 2517 unusquisque
734 2435 885 2497 nostrum
918 2431 1033 2500 totus⁴
1063 2433 1098 2498 in
1128 2455 1162 2499 se
1192 2455 1342 2500 reversus

289 2533 401 2599 omnia
430 2537 465 2598 et
499 2533 540 2598 de
571 2533 725 2598 omnibus
762 2536 873 2599 animo
905 2539 1089 2602 retractare
1115 2537 1250 2618 valeret,
1273 2558 1341 2602 non

288 2637 443 2701 existimo
489 2657 565 2700 eum
603 2637 815 2722 praestantius
853 2639 1025 2702 eonsilium
1063 2661 1156 2726 posse
1193 2641 1341 2704 invenire

289 2759 389 2826 quam
413 2738 505 2802 istud
527 2737 617 2823 quod
648 2739 747 2803 modo
780 2738 934 2804 discretio
968 2741 1098 2805 solertis
1122 2741 1342 2828 providentiae

288 2845 357 2906 tuae
386 2839 537 2906 redoluit.
583 2840 724 2906 Provide
754 2842 843 2906 enim
880 2843 1028 2929 providit
1061 2844 1157 2908 nobis
1193 2848 1254 2909 tua
1288 2845 1343 2909 de·

288 2943 439 3007 liberatio
478 2942 631 3006 Tulliano
660 2942 788 3028 liquore
820 2943 903 3025 lita3
941 2943 1029 3010 unde
1067 2947 1251 3012 constantis
1277 2947 1343 3012 viri

289 3045 452 3120 affectum,
477 3044 636 3130 sapientis
652 3045 754 3108 animi
780 3043 958 3125 effectum?
980 3048 1098 3134 optimi
1120 3049 1248 3114 consilii
1270 3073 1344 3136 pro-

290 3145 412 3211 fectum
435 3145 569 3210 laudaro
600 3145 824 3210 indesinenter
855 3147 1019 3213 debemus.
1081 3147 1169 3214 Nam
1193 3149 1221 3214 si
1243 3150 1345 3235 juxta

289 3244 477 3312 rationem⁶
497 3246 639 3312 Romam
665 3247 757 3312 adire
783 3247 926 3313 volueris
947 3270 1016 3313 non
1039 3249 1157 3316 dubito
1179 3253 1261 3338 quin
1285 3255 1344 3318 tri-

292 3349 416 3438 umpho
453 3349 620 3437 potiamur
655 3349 735 3414 dum
772 3349 962 3416 libertatem
995 3356 1144 3417 nostram
1181 3358 1344 3434 tueamur,

292 3472 367 3518 oum
385 3451 478 3538 juste
500 3451 543 3516 ab
574 3451 717 3516 inimicis
748 3453 871 3518 nostris
901 3453 1073 3540 exigamus
1097 3457 1186 3541 quod
1208 3477 1229 3521 a
1250 3457 1345 3523 nobis

292 3555 414 3641 injuste
437 3560 548 3642 petere
572 3553 775 3640 inceperunt.
823 3553 1029 3642 Quicumque
1051 3558 1137 3622 enim
1164 3579 1224 3624 sua
1250 3559 1346 3625 alteri

292 3659 416 3746 eripere
439 3661 578 3722 conatur
607 3657 726 3722 merito
756 3678 831 3743 quae
852 3679 914 3723 sua
936 3663 1015 3724 sunt
1044 3681 1102 3747 per
1125 3683 1200 3726 eum
1223 3663 1346 3748 quem⁷

294 3762 427 3848 impetit
463 3759 599 3824 amittit.
646 3759 734 3840 Quia
770 3781 847 3847 ergo
885 3759 1027 3827 Romani
1064 3769 1179 3830 nostra
1216 3765 1346 3832 demere

293 3863 450 3928 affectant
480 3885 541 3928 sua
570 3861 637 3927 illis
677 3862 892 3948 proculdubio
923 3863 1116 3947 auferemus,
1148 3867 1176 3930 si
1212 3867 1347 3933 licentia

295 3965 389 4030 nobis
420 3965 653 4052 congrediendi
683 3964 906 4052 praestabitur.
954 3965 1007 4030 En
1037 3989 1227 4054 congressus
1249 3992 1346 4036 cunc-

295 4069 341 4134 tis
373 4067 567 4134 Britonibus
597 4067 843 4145 desiderandus
869 4089 911 4134 en
935 4068 1093 4134 vaticinia
1107 4069 1245 4157 Sibyllae
1271 4095 1346 4158 quae

294 4171 383 4237 veris
414 4167 604 4248 testantur,⁸
638 4167 703 4235 en⁰
733 4169 925 4236 Britamrico
958 4193 1077 4259 genere
1114 4174 1213 4239 tertio
1242 4176 1346 4240 nasci-

329 4497 392 4564 ¹er]
411 4499 451 4548 de.
484 4497 518 4547 D.
877 4496 1023 4564 weram]
1044 4499 1169 4550 affectum.
1203 4501 1233 4553 B.

326 4577 453 4642 lacedem]
473 4593 522 4627 cm.
557 4578 590 4628 Ι).
877 4576 1028 4642 ‘rationem
1048 4579 1199 4641 pradictum.
1212 4597 1296 4644 praem.
1314 4585 1344 4636 B.

328 4657 440 4722 ³eorum]
461 4672 509 4706 eas.
528 4657 584 4706 add
618 4657 651 4706 D.
845 4654 876 4703 D.

329 4735 429 4800 Ποίας]
451 4751 499 4785 om.
534 4737 565 4786 Β.
595 4737 675 4785 added
687 4735 715 4784 in
725 4748 798 4797 marg
880 4733 979 4800 locem]
994 4742 1022 4813 q.
1056 4737 1090 4787 A.

297 4813 324 4862 in
344 4813 439 4864 alater
456 4813 525 4864 hand
542 4813 604 4864 than
622 4813 677 4864 that
687 4813 717 4864 of
734 4820 797 4870 text,
876 4813 1029 4880 ‘tamararJ
1049 4817 1209 4868 sermonibus
1224 4819 1281 4868 add.
1298 4819 1332 4870 D.

297 4894 348 4948 and
359 4891 548 4944 reterradtolts
559 4891 630 4958 place
640 4893 787 4960 byaearet
876 4891 939 4959 ἐκ]
959 4905 999 4946 ex.
1032 4891 1097 4947 B.D.
