3656 5800
292 1791 333 1843 Ha
344 1793 386 1842 da·

291 1861 380 1911 manda
390 1857 436 1910 tri·

292 1929 352 1978 bute
363 1927 393 1978 os

464 869 529 933 250
764 885 945 936 amomon
968 885 1216 936 nrsronmnon.

461 1060 548 1142 rati;
571 1083 631 1126 neo
651 1061 729 1147 quid
751 1063 797 1126 sit
820 1063 941 1128 militia
955 1069 1127 1142 noverunt,
1151 1085 1224 1129 oum
1242 1063 1330 1128 infra
1352 1064 1517 1130 Ooeanum

462 1169 558 1228 extra
579 1163 691 1229 orbem
711 1171 958 1246 oommaneant;
980 1165 1099 1232 leviter
1114 1171 1212 1232 erunt
1225 1165 1400 1254 coegendi¹
1421 1165 1518 1230 nobis

460 1265 625 1333 tributum
654 1267 790 1334 reddere
823 1273 858 1334 ot
894 1269 1086 1334 eontinuum
1124 1268 1318 1356 obsequium
1357 1267 1514 1334 Romanae

460 1369 616 1456 dignitati
632 1376 796 1458 praestare.
841 1369 938 1436 Prius
959 1377 1071 1437 tamen
1092 1373 1315 1438 mandandum
1331 1375 1381 1438 est
1400 1371 1455 1450 eis,
1477 1375 1518 1436 ut

461 1473 609 1539 Romano
624 1473 745 1562 populo
759 1473 902 1562 vectigal
916 1473 1064 1555 reddant,
1085 1481 1126 1542 ut
1143 1481 1271 1544 oaelerae
1286 1475 1386 1542 etiam
1401 1480 1516 1562 gentes

459 1576 694 1662 subjectionem
726 1577 857 1642 senatui
890 1576 1020 1656 faeiant,
1055 1599 1097 1644 ne
1130 1597 1191 1644 nos
1222 1579 1367 1666 ipsomm
1398 1597 1515 1664 oogna-

459 1684 569 1746 torum
591 1686 777 1746 nostrorum
808 1679 999 1768 sanguinem
1026 1680 1199 1748 fundentes
1221 1682 1393 1768 antiquam
1422 1677 1516 1746 nobi-

459 1783 589 1848 litatem
623 1783 729 1870 patris
762 1783 867 1850 nostri
902 1783 1051 1849 Priami⁹
1074 1785 1285 1852 offendamms.
1338 1783 1405 1864 Qui
1439 1805 1514 1849 oum

459 1885 572 1952 literas
593 1907 669 1952 suas
684 1885 910 1954 Oassibalino⁸
924 1887 965 1952 ds
987 1887 1116 1955 tributo
1137 1889 1303 1956 reddendo
1317 1888 1512 1966 mandasset,

293 1993 446 2059 Cassitana,
460 1987 651 2077 indignatus
683 1990 725 2058 ds
751 1989 877 2056 tributo
914 2011 982 2056 non
1015 1991 1181 2058 reddendo
1211 1989 1383 2080 epistolam
1419 2013 1513 2057 suam

292 2061 349 2110 who
359 2077 399 2112 re.

288 2129 355 2182 sones
371 2129 400 2180 lt.

293 2321 378 2374 cesar

289 2390 393 2440 invades

289 2457 395 2507 Britain.

289 2524 351 2575 Rc.
363 2529 404 2574 55.

290 2590 331 2640 He
343 2591 364 2640 is
374 2593 427 2641 mot

289 2657 322 2722 by
335 2657 419 2709 Cassi.

286 2725 368 2776 balan.

460 2089 704 2180 despectuosam
730 2091 822 2158 Julio
849 2092 972 2159 Caesari
993 2093 1187 2160 transmisit

505 2196 593 2263 Visis
615 2197 762 2284 epistolis
782 2197 887 2262 iratus
901 2195 1012 2262 Julius
1031 2198 1203 2286 navigium
1223 2203 1326 2286 parat,
1342 2217 1514 2286 prosperos

458 2306 575 2367 ventos
601 2303 762 2388 expectat,
787 2305 827 2365 ut
849 2304 999 2386 optatum
1029 2301 1220 2388 perflueret*
1264 2299 1389 2389 Optato
1411 2307 1512 2368 vento

457 2403 602 2470 instante
625 2404 734 2469 velam
760 2401 866 2468 erexit
892 2407 927 2468 et
952 2401 987 2466 in
1009 2403 1130 2470 ostium
1153 2403 1346 2470 Thamansis
1367 2404 1514 2469 fluminis

458 2528 532 2572 oum
555 2507 701 2574 exercitu
723 2525 782 2571 suo
803 2503 968 2591 applicuit.
1013 2505 1155 2593 Jamque
1177 2505 1286 2573 rates⁴
1311 2512 1433 2572 terram
1456 2527 1514 2594 ap-

458 2609 620 2697 pulerant
667 2607 891 2677 Oassibilauus
911 2607 947 2673 in
966 2609 1161 2676 manuforti
1181 2609 1232 2674 ilii
1247 2611 1394 2676 oeourrit
1440 2609 1513 2674 Ad·

459 2719 531 2779 erat
548 2733 657 2779 secum
677 2709 813 2777 Balinus
835 2709 987 2798 princeps
1006 2711 1137 2790 militia
1155 2733 1222 2780 sure
1242 2717 1277 2779 et
1297 2713 1363 2780 duo
1377 2718 1513 2800 nepotes

457 2815 508 2881 arri
520 2839 529 2897 ς
552 2813 741 2902 Androgius
764 2813 836 2879 dux
866 2811 1105 2882 Trinouantum
1135 2821 1170 2882 et
1200 2815 1338 2897 Oanoiae,
1363 2821 1398 2883 at
1427 2815 1512 2882 Ten·

455 2917 592 2984 nannius
614 2918 684 2984 dux
707 2913 891 2983 Cornubiaa

500 3017 699 3108 Dispositis⁶
720 3019 756 3084 in
779 3023 918 3105 utraque
940 3023 1035 3106 parto
1057 3017 1206 3102 catervis,
1229 3021 1509 3102 commiscuerunt,

454 3123 523 3211 pila
544 3123 620 3211 pilis
641 3122 775 3189 otiatus
789 3121 910 3188 ictibus
930 3121 1130 3208 objicientes.
1176 3123 1284 3212 Magis
1305 3123 1439 3192 visum⁰
1460 3129 1512 3190 est

454 3231 698 3314 superterram
722 3223 855 3312 sanguis
881 3227 916 3290 et
939 3225 1108 3292 cerebrum
1135 3249 1233 3313 quam
1258 3227 1299 3293 ds
1323 3233 1419 3294 terra

500 3329 587 3396 Casu
619 3328 721 3416 igitur
752 3328 888 3393 fortuito
914 3327 1168 3394 oonourramnt⁷
1193 3329 1328 3397 insimul
1358 3329 1510 3398 Nunnius

454 3453 528 3498 oum
542 3431 648 3499 Julio.
694 3430 728 3496 N
730 3430 847 3496 ennius
861 3429 1005 3496 lateam
1019 3433 1107 3517 quod
1122 3453 1196 3498 oum
1211 3433 1272 3498 tali
1286 3433 1391 3500 milite
1407 3433 1510 3522 possit

453 3535 607 3622 congredi
624 3537 752 3622 spatam
775 3533 894 3614 vibrat,
918 3533 1048 3599 hastam
1070 3533 1229 3614 sublevat,
1253 3540 1288 3602 et
1311 3537 1397 3603 irtus
1418 3535 1510 3624 inge-

453 3633 583 3703 minat.⁹
627 3635 774 3701 Tandem
804 3634 916 3701 Julius
940 3635 1074 3721 juvenis
1096 3641 1130 3703 st
1151 3637 1245 3704 fortis
1269 3644 1396 3726 spatam
1418 3639 1510 3706 levat

453 3744 488 3805 et
507 3739 542 3804 N
543 3739 677 3806 ennium
697 3739 745 3804 ita
763 3737 905 3804 viriliter
918 3737 955 3803 in
976 3739 1090 3826 olypeo
1105 3741 1249 3827 pereutit
1270 3744 1359 3829 quod
1380 3748 1509 3832 spatam

452 3841 494 3908 de
514 3843 628 3930 clypeo
644 3839 816 3908 extrahere
837 3861 905 3906 non
927 3847 1043 3928 potest
1088 3841 1240 3910 Nonnius
1262 3843 1409 3931 gladium
1435 3844 1508 3912 Oas-

453 3945 534 4010 saris
548 3945 706 4032 proedicto
720 3944 818 4010 modo
833 3943 972 4032 adeptus
986 3944 1108 4030 abjecit
1122 3967 1217 4012 suum
1233 3945 1353 4034 quod¹⁰
1363 3948 1506 4027 tenebat,

453 4051 495 4126 et,¹
519 4048 683 4114 abstracto
699 4047 812 4126 altero,
836 4051 876 4112 ut
893 4047 944 4112 leo
960 4046 1059 4112 irruit
1073 4071 1081 4129 ;
1104 4069 1339 4136 quemeumque
1354 4073 1429 4117 oum
1449 4050 1507 4116 illo

451 4151 664 4238 percutiebat,
689 4149 744 4216 val
766 4149 886 4216 vulnus
908 4149 1030 4216 lethale
1052 4149 1175 4218 indidit
1196 4153 1251 4218 vel
1277 4175 1429 4221 manuum
1452 4153 1507 4220 vel

486 4433 630 4502 ¹oosyendt]
650 4433 764 4500 eogendi.
799 4433 864 4484 B.D.
1034 4437 1205 4507 ‘Dispositrss
1224 4436 1344 4507 Dispotis.
1378 4441 1412 4495 A·

485 4516 583 4566 'nosos‘
609 4511 718 4580 muas]
744 4511 841 4564 Priami
867 4513 955 4564 nostri.
1033 4519 1143 4586 'vooaJ
1162 4521 1240 4572 daus.
1273 4523 1305 4573 B.

452 4597 487 4648 A.
520 4591 956 4659 thalettersoandtbeingsuper·
1032 4600 1236 4668 ⁷c0mrrmnt]
1256 4609 1425 4654 occurrerunt„
1461 4601 1492 4654 Ba

452 4677 557 4730 scribed.
1031 4678 1160 4745 ⁸loetatua]
1179 4689 1224 4732 est.
1248 4683 1305 4732 add.
1338 4681 1404 4733 B.D.

485 4756 677 4826 'camaliam
691 4755 957 4812 cassitalsmo.B.D.
1032 4758 1191 4826 'inominatJ
1211 4759 1303 4826 ingldt.
1337 4759 1372 4812 A.

486 4844 585 4912 ⁴rates]
604 4852 666 4898 rate.
698 4843 799 4898 ΔΜ).
1032 4837 1238 4907 ¹⁰11deun
1271 4840 1337 4895 B.D.
