3696 5794
477 897 541 960 118
778 911 958 963 associum
983 911 1230 962 masculinum

308 1101 397 1151 oflhe
477 1089 564 1174 quod
594 1089 641 1152 ibi
668 1091 791 1154 mastix
821 1087 991 1175 gignitum
1022 1087 1098 1173 Syri
1123 1087 1211 1152 auhn
1240 1086 1302 1153 e'u
1328 1082 1524 1150 mastioum¹

306 1170 445 1289 {flssfflffedfff
460 1209 464 1221 ·
477 1197 604 1256 vocant.
650 1190 831 1256 Somnum²
855 1191 963 1256 insula
985 1189 1094 1255 estin
1117 1183 1203 1255 Masi
1225 1187 1349 1275 AEgaoo,
1367 1187 1426 1252 ubi
1449 1191 1528 1251 nata

307 1313 445 1356 terranem.
476 1297 526 1358 est
548 1293 648 1374 Juuo,
679 1312 721 1358 ex
749 1313 815 1378 qua
841 1293 907 1358 suit
938 1291 1067 1378 Sibylla
1099 1289 1244 1357 Samna³
1266 1295 1304 1356 at·
1324 1289 1528 1376 Pythagosaa

476 1395 626 1475 Somnus,
650 1415 758 1481 aquo
788 1395 1002 1482 philosophiae
1035 1413 1153 1460 noman
1185 1393 1358 1460 inventum
1381 1396 1438 1458 est
1485 1391 1527 1456 In

475 1499 537 1563 hac
566 1498 675 1562 insula
696 1499 786 1585 prius
819 1498 957 1564 inventa
988 1501 1067 1563 suut
1089 1517 1169 1564 vasa
1190 1495 1316 1576 hattho,
1338 1495 1427 1560 unda
1448 1515 1528 1559 vasa

477 1599 662 1688 Sampneo⁴
685 1601 774 1666 dicta
803 1605 889 1666 suut
937 1599 1094 1668 Siciliae
1117 1599 1235 1666 Sicano
1259 1618 1335 1686 rege
1357 1597 1527 1663 nominata

476 1707 527 1769 est
558 1702 712 1782 Sicania3
750 1701 869 1768 deinde
899 1725 920 1768 a
957 1703 1068 1770 Siculo
1102 1703 1203 1768 fratre
1234 1701 1315 1767 Itali
1338 1705 1388 1767 est
1410 1701 1527 1766 vocata

478 1805 591 1872 Sicilia
602 1831 611 1887 3
641 1804 732 1892 prius
755 1811 873 1887 autem,
889 1805 980 1872 dicta
1011 1811 1061 1871 eat
1094 1803 1270 1886 Trinacria,
1295 1807 1428 1892 propter
1460 1801 1527 1868 tria

477 1893 710 1994 promontoria,
742 1907 872 1990 scilicet,
900 1907 1063 1988 Pelorum,
1102 1906 1302 1994 Pachynum,
1332 1903 1527 1971 Libbaeuml

479 2009 645 2077 Talaum
667 2011 818 2078 Gnaeum
841 2007 914 2077 εεὺ11
936 2011 1024 2096 quod
1048 2009 1167 2074 Latino
1190 2009 1313 2074 dicitur
1330 2005 1525 2095 todqaodca,

477 2113 571 2199 quasi
600 2113 637 2177 in
667 2118 734 2179 tres
757 2115 897 2200 quadras
929 2113 1043 2179 divisa
1090 2113 1175 2179 Haec
1205 2111 1248 2177 ab
1271 2111 1372 2176 Italia
1398 2109 1527 2176 modico

476 2216 560 2281 freto
583 2215 731 2297 discreta,
762 2215 912 2282 Africum
943 2216 1035 2281 Mare
1065 2213 1297 2304 prospectans,⁷
1320 2237 1399 2279 auro
1422 2213 1525 2278 abun-

476 2319 567 2397 dans,
583 2320 695 2385 ventis
718 2324 753 2384 et
768 2319 925 2406 sulphuie
940 2319 1038 2406 plena
1050 2317 1071 2400 3⁸
1095 2319 1183 2385 undo
1206 2319 1254 2382 ibi
1270 2317 1382 2383 AEtnae
1404 2317 1527 2382 montis

474 2425 594 2487 extant
608 2421 777 2500 incendia3
804 2423 840 2486 in
862 2421 956 2507 cujus
971 2421 1055 2487 freto
1077 2419 1187 2508 Scylla
1204 2425 1255 2486 est
1275 2425 1310 2485 et
1331 2419 1526 2504 Charybdis,

475 2547 496 2588 a
521 2523 642 2609 quibus
668 2523 803 2611 navigia
829 2523 1048 2590 absorbentur
1069 2527 1129 2590 aut
1159 2523 1367 2590 colliduntur.
1415 2518 1547 2587 Fortis

475 2627 585 2713 patria
606 2625 681 2707 fuit,
710 2626 877 2712 quondam
901 2626 1083 2714 Cyclopum
1110 2630 1145 2692 et
1175 2631 1250 2713 post
1272 2626 1387 2690 nuhix
1411 2629 1525 2711 cyan-

475 2749 600 2795 norum.
677 2727 886 2816 Metropolim
923 2723 1024 2795 habet
1063 2727 1261 2816 Symeusas3
1305 2731 1441 2814 gagates
1478 2725 1527 2792 ibi

475 2831 599 2896 multus
635 2835 671 2897 at
709 2831 866 2896 corallum
903 2831 1056 2897 multum.
1119 2831 1236 2896 Omnis
1272 2829 1418 2894 ambitus
1455 2829 1526 2915 ejus

475 2933 642 2999 clauditur
682 2933 799 2998 stadiis
844 2934 952 3000 tribus
987 2931 1142 3014 milibus3
1194 2931 1370 2999 Sallustius
1415 2937 1526 2998 autem

474 3035 557 3102 dicit
590 3035 699 3102 Italiae
723 3035 931 3122 conjunctam
948 3043 950 3048 '
967 3035 1067 3102 filisse
1103 3035 1258 3117 Siciliam,
1294 3035 1351 3102 sed
1380 3033 1525 3100 medium

474 3139 619 3226 spatium
642 3139 770 3226 impetu
792 3139 892 3205 maris
922 3139 1068 3205 divisum
1095 3159 1153 3226 per
1175 3137 1364 3227 angustiam
1382 3137 1523 3203 scissum.

475 3239 633 3330 Taplum⁰
664 3243 773 3307 insula
808 3241 925 3308 studita
965 3257 998 3308 x,
1032 3261 1053 3307 a
1093 3240 1206 3308 Sicilia
1236 3247 1362 3308 remote
1391 3247 1426 3306 et
1455 3241 1524 3327 pla·

473 3345 555 3411 nior.
602 3344 719 3410 AEoliae
732 3343 756 3382 ¹⁰
785 3343 900 3411 insula
930 3348 1010 3410 nunt
1033 3341 1153 3410 Siciliae
1175 3343 1218 3408 ab
1244 3343 1340 3410 AEolo
1366 3341 1525 3430 Hippotae

474 3447 551 3530 filio,
590 3463 688 3533 quem
734 3453 840 3534 poetae
889 3447 1001 3514 ferunt
1046 3465 1155 3534 mgem
1194 3451 1370 3512 ventorum
1416 3445 1524 3511 fuisse.

474 3549 580 3615 Varro
625 3550 708 3616 dicit
752 3549 861 3636 ipsum
914 3550 1014 3616 fuisse
1067 3553 1224 3614 rectomm
1270 3549 1387 3614 harum
1435 3547 1525 3614 insu·

474 3653 589 3734 larum,
607 3658 641 3719 et
666 3653 743 3739 quia
765 3673 808 3718 ex
832 3673 944 3718 earum
964 3649 1095 3717 nebulis
1118 3655 1153 3716 et
1179 3651 1269 3717 fumo
1290 3651 1420 3717 futuros
1441 3671 1524 3738 pras·

474 3753 641 3821 dicabat¹¹
673 3755 771 3821 flatus
793 3759 991 3836 ventorum3
1022 3755 1112 3820 unde
1141 3754 1184 3820 ab
1206 3753 1368 3841 imperitis
1397 3753 1488 3820 visua
1501 3753 1526 3794 ¹⁹

475 3865 526 3924 est
550 3863 669 3924 ventos
695 3857 732 3923 in
756 3879 817 3924 sua
840 3863 1006 3946 potestate
1038 3857 1190 3924 tonuisse.
1248 3856 1383 3926 Eadem
1406 3857 1524 3924 insulae

475 3957 654 4029 Vulcaneac
670 3961 833 4042 dicamur,
850 3982 888 4028 eo
903 3961 990 4050 quod
1005 3961 1097 4050 ipsae,
1117 3959 1203 4026 sicut
1218 3959 1333 4042 AEtna,
1351 3959 1524 4030 ardeant¹³

825 4151 888 4159 ι-..-

509 4266 579 4318 ¹Cio
606 4263 743 4332 maachan]
773 4263 977 4318 Chlomastioum.
1054 4267 1122 4334 ἀι]
1136 4283 1184 4318 om.
1218 4267 1282 4320 lan.

475 4347 542 4399 Bm.
1054 4347 1242 4414 'prospeclcad
1256 4353 1403 4413 prospectet
1433 4343 1496 4400 BJ).

509 4425 661 4492 ²Samuum]
680 4439 743 4476 corr.
762 4425 857 4477 Samos.
1053 4427 1146 4478 ⁸Nota.
1159 4427 1185 4476 ln
1196 4441 1275 4493 marg.
1310 4428 1378 4480 tal).

509 4507 646 4573 'SamaoJ
683 4506 792 4558 Semina.
837 4507 867 4556 B.
914 4521 978 4556 corr.
1052 4503 1194 4572 'Taplum]
1208 4507 1389 4571 com'lhpsus.

477 4588 569 4640 Samia.
1056 4583 1189 4651 '⁰AEclioe]
1205 4587 1290 4637 Cellae.
1324 4587 1355 4638 Β.

510 4663 668 4734 *Sompnco]
695 4665 803 4717 Semina.
847 4663 877 4716 B.
914 4679 977 4716 corr.
1053 4664 1422 4731 ¹¹proedicacal]p1amccbaa
1440 4665 1505 4718 B.D.

477 4748 569 4800 Samia
1054 4743 1162 4810 Μέση]
1177 4744 1265 4795 visum.
1299 4745 1331 4796 B.

509 4825 665 4892 ⁸Littaam]
686 4823 911 4891 coralilyhoeum.
1054 4821 1198 4889 eadam]
1212 4825 1306 4876 ardent
1339 4823 1404 4875 Bm.
