3696 5794
636 885 818 937 rumorum
842 885 1089 937 ursronmnuu.
1330 873 1388 937 141

434 1060 553 1128 Libera
575 1081 655 1147 gens
678 1061 731 1127 cui
752 1061 858 1127 libera
879 1083 973 1128 mens
996 1061 1044 1128 et¹
1070 1061 1173 1126 libera
1195 1059 1320 1148 lingua,
1409 1067 1560 1120 osuutain.

477 1164 543 1230 Sed
566 1164 682 1252 lingua
703 1165 819 1230 melior
841 1165 1038 1252 liberiorque
1060 1185 1186 1229 manus.

433 1267 554 1355 Anglia
578 1272 742 1334 terrarum
765 1268 864 1334 decus
886 1273 922 1334 et
944 1269 1006 1334 flos
1027 1267 1247 1334 finitimarum

479 1370 541 1436 Est
563 1375 720 1438 contente
742 1371 794 1436 sui
816 1371 992 1438 fertilitate
1014 1371 1114 1452 boni;

435 1471 622 1539 Externas²
643 1479 759 1561 gentes
782 1475 984 1562 consumptis
1007 1473 1105 1539 rebus
1129 1477 1263 1559 egentes

478 1575 619 1656 Quando
641 1576 746 1643 fames
768 1577 870 1655 lsedit,
895 1582 1020 1643 recreat
1043 1581 1077 1642 et
1099 1575 1214 1640 reficit.

434 1676 615 1744 Commoda
636 1679 748 1745 terra³
770 1679 852 1746 satis
874 1679 1032 1745 mirandos
1054 1676 1237 1744 fertilitatis

478 1781 701 1868 Prosperitate
723 1781 824 1870 viget,
849 1805 924 1848 cum
947 1783 1036 1848 bona
1057 1781 1146 1869 pacis
1168 1780 1277 1846 habet

435 1883 621 1971 Auglorum
643 1888 758 1972 portus
781 1884 922 1952 Occasus
944 1885 1041 1951 novit
1064 1889 1100 1951 et
1123 1884 1248 1963 Ortus;

480 1986 604 2073 Anglia
626 1986 745 2053 classes
767 1987 869 2054 habet
891 1987 980 2074 quod
1002 1988 1075 2053 loce
1097 1986 1204 2052 multe
1221 1986 1328 2072 juvet,

437 2089 482 2154 Et
504 2089 596 2156 cibus
618 2095 653 2158 et
675 2087 807 2156 census⁴
829 2091 935 2178 magis
958 2089 1141 2156 communis
1163 2089 1322 2164 hebetum

480 2191 569 2258 Nam
592 2193 633 2258 de
656 2214 747 2259 more
768 2192 834 2260 viri
856 2197 935 2259 sunt
956 2193 1004 2258 ibi
1026 2191 1202 2279 magnifici.

439 2295 504 2360 Illo
526 2295 660 2382 quidem
683 2296 780 2384 longe
803 2296 923 2362 celebri
946 2296 1117 2382 splendore
1139 2294 1237 2360 beata

481 2397 599 2464 Glebes
621 2398 706 2466 lecte
729 2397 814 2466 lavis
836 2399 1058 2486 supereminet
1080 2397 1188 2463 insula
1210 2397 1345 2476 cunctis,

439 2500 551 2566 Insula
573 2502 735 2588 praedives
758 2501 871 2588 quod⁶
893 2505 967 2566 toto
990 2522 1058 2566 non
1081 2505 1157 2587 eget
1180 2499 1266 2578 orbe,

482 2602 626 2674 Delicias
648 2603 814 2684 Salomon,
839 2602 1042 2670 Octovianus
1064 2624 1148 2690 opes

392 2702 480 2770 Sunt
509 2705 545 2770 in
576 2705 752 2778 Britannis
782 2705 892 2771 fontes
923 2706 1021 2772 cslidi
1054 2705 1177 2770 morbis
1209 2703 1401 2770 mortalium

346 2806 562 2874 medicinales.
624 2809 712 2876 Sunt
734 2810 771 2874 in
802 2831 842 2874 es
872 2809 969 2896 plura
992 2808 1180 2888 mirabilia;
1210 2811 1290 2873 sunt
1313 2808 1402 2871 enim

347 2909 435 2996 spud
480 2910 510 2974 le
546 2910 739 2999 Stonhcnge
782 2911 912 2998 lapides
952 2912 1045 2979 miree
1086 2911 1328 2999 magnitudinis
1366 2909 1402 2972 in

348 3011 482 3078 modum
512 3018 683 3100 portarum
713 3010 885 3091 elerstae,⁰
925 3035 985 3080 nec
1024 3014 1149 3101 liquide
1191 3013 1404 3102 perpenditur

349 3115 491 3199 qualiter
518 3121 578 3185 sut
615 3116 779 3202 quomodo
810 3121 890 3182 sunt
919 3115 968 3180 ibi
995 3116 1185 3182 constructi.

393 3217 497 3282 Aliud
527 3223 577 3284 est
602 3219 690 3304 opud
718 3216 909 3297 Chenlhole,
934 3218 993 3284 ubi
1020 3222 1117 3284 tanta
1143 3218 1330 3284 concavitas
1352 3221 1404 3282 cst

349 3317 411 3386 sub
440 3325 528 3385 terra
565 3321 653 3406 quod
692 3321 915 3408 ingredientes
954 3320 1064 3408 ample
1099 3321 1209 3406 spatia
1238 3319 1401 3398 videntes,

349 3422 438 3488 lccus
475 3427 510 3487 et
543 3422 683 3489 flumina
722 3423 872 3502 fluentes,
903 3445 1011 3509 neque
1047 3423 1260 3489 altitudinem
1297 3443 1402 3508 neque

349 3527 449 3592 finem
472 3526 688 3592 concavitatis
710 3547 851 3611 usquam
881 3526 1040 3592 viserunt

398 3627 487 3693 Sunt
516 3629 553 3692 in
592 3649 632 3692 ea
666 3627 775 3693 fontes
814 3628 892 3693 salis
929 3628 1026 3714 longe
1064 3649 1084 3692 e
1127 3627 1221 3708 meri,
1264 3649 1403 3713 quorum

351 3751 445 3816 aquae
473 3752 532 3817 per
553 3735 661 3796 totam
690 3729 932 3796 hebdomadum
962 3729 1056 3796 salsae
1097 3734 1176 3795 sunt
1217 3752 1320 3817 usque
1361 3731 1404 3795 ad

350 3832 465 3897 horum
494 3853 616 3898 nonam
647 3831 796 3910 Sabbati,
828 3841 864 3898 et
893 3833 1084 3900 dulcescunt
1114 3855 1216 3918 usque
1250 3833 1287 3897 in
1316 3833 1404 3898 diem

353 3933 475 4012 Lunae3
507 3957 528 3999 a
557 3933 679 4021 quibus
709 3935 904 4021 decoquitur
933 3935 981 4001 sal
1011 3935 1187 4002 candidum
1213 3939 1248 4001 et
1271 3935 1401 4002 subtile.

397 4040 459 4106 Est
492 4041 528 4106 in
561 4062 600 4106 ea
634 4046 791 4127 stagnum
823 4041 912 4128 quod
942 4041 1093 4108 homines
1125 4043 1160 4107 in
1199 4065 1274 4108 eum
1305 4043 1403 4108 facies

351 4147 529 4224 vertentes,
567 4142 730 4210 violenter
763 4143 807 4210 ad
843 4165 878 4210 se
915 4145 989 4210 illos
1023 4143 1186 4212 attrahit⁷
1230 4151 1265 4212 ct
1301 4145 1401 4212 etism

387 4476 611 4542 mmm
933 4477 1176 4546 'fflfflfl

353 4557 540 4688 Arum]
575 4558 632 4608 The
648 4557 809 4610 rinterllned
826 4559 853 4609 in
933 4590 943 4618 ι
954 4587 1064 4656 dmm]
1085 4589 1184 4641 elma,
1219 4589 1282 4642 BJ).

384 4717 486 4783 ΗΜ]
505 4725 587 4768 terrm.
622 4717 652 4769 B.
933 4715 1009 4766 'The
1032 4714 1087 4766 first
1110 4717 1179 4766 word
1200 4715 1231 4766 ol
1246 4715 1264 4765 f.
1288 4721 1328 4766 43.
1359 4716 1402 4776 Α.,

385 4797 505 4862 ‘censrs]
524 4811 619 4848 sensus.
654 4797 684 4847 Β.
899 4797 1010 4848 hecded:
1029 4797 1219 4850 DcBritsnnia
