3674 5800
495 842 536 904 28
788 857 971 910 uouemus
993 861 1242 912 msrorusnuu.

327 1038 466 1105 orsgypr.
490 1053 511 1096 u
534 1031 766 1118 Septentrione
783 1031 875 1100 Mure
891 1034 1061 1121 Magnum,
1078 1057 1099 1100 a
1122 1034 1261 1101 Meridie
1287 1035 1450 1102 introrsus
1464 1060 1538 1124 pro·

489 1135 586 1213 cedit,
609 1134 808 1220 protendens
830 1157 865 1202 se
886 1158 991 1223 usque
1013 1136 1229 1224 AEthiopiem.
1283 1138 1358 1204 Hoc
1382 1138 1539 1220 Isidorus,

488 1238 573 1304 libro
596 1254 689 1302 xl111.
735 1237 797 1304 Est
819 1243 932 1304 sutem
954 1239 1045 1326 regio
1076 1238 1135 1304 ille
1164 1239 1328 1307 imbribus
1349 1242 1539 1328 pluviarum

488 1339 619 1406 insueta
641 1345 676 1406 et
690 1339 827 1426 igners3
843 1340 943 1408 Nilus
965 1342 1055 1411 solus
1077 1363 1151 1408 cem
1173 1343 1402 1410 circumfluens
1420 1344 1539 1431 irrigat

488 1447 522 1508 et
544 1463 605 1507 sua
626 1441 846 1508 inundatione
872 1442 979 1530 ipssm
1001 1443 1182 1524 foecundat,
1206 1451 1247 1512 ut
1269 1445 1365 1512 lerex
1386 1445 1538 1533 frugibus

487 1546 627 1612 multem
649 1549 779 1633 purtem
801 1550 964 1611 terrerum
994 1545 1162 1614 frumento
1184 1547 1255 1627 elit,
1279 1553 1537 1634 coeterorumque

487 1647 695 1734 negotiorum
717 1647 799 1714 odeo
832 1653 885 1714 est
915 1648 1046 1734 copiose
1076 1654 1116 1714 ut
1149 1650 1313 1716 mercibus
1346 1649 1537 1717 necessariis

486 1775 579 1840 paene
617 1753 730 1819 orbem
759 1753 906 1840 impleat.
953 1753 1047 1820 Finis
1076 1755 1218 1843 AEgypti
1249 1761 1300 1822 est
1326 1754 1482 1843 Oenopis,
1515 1779 1536 1822 e

488 1856 620 1946 Canope
642 1857 864 1944 gubernatore
887 1855 1030 1922 Menelai
1052 1857 1102 1922 ibi
1124 1858 1254 1946 sepulto
1276 1858 1323 1924 sic
1345 1859 1435 1924 dicte
1457 1857 1535 1924 huc·

487 1982 598 2046 usque,
615 1960 705 2025 unde
728 1960 885 2038 Isidorus,
913 1959 1001 2024 libro
1024 1977 1119 2026 211111.
1165 1957 1249 2028 Haee
1270 1960 1426 2048 primitus
1450 1959 1536 2026 Mes-

484 2062 580 2128 senio
602 2084 623 2128 s
643 2061 713 2126 filio
737 2060 842 2127 Ohem
869 2061 1045 2128 nominate
1078 2067 1137 2129 est.
1184 2063 1267 2130 Haec
1300 2063 1391 2150 regio
1414 2062 1536 2128 multas

485 2163 587 2230 hebet
617 2162 805 2249 provincias
839 2163 1063 2250 particulares,
1088 2169 1123 2230 et
1157 2165 1281 2230 multus
1313 2165 1467 2230 civitates
1488 2163 1537 2228 fe

484 2287 599 2345 moses,
615 2268 654 2330 ut
677 2265 851 2352 Memphis,
874 2266 917 2330 ab
940 2265 1068 2352 Ephelo
1094 2265 1118 2332 J
1120 2265 1192 2332 ovis
1214 2266 1284 2332 filio
1307 2266 1477 2344 aedificate,
1502 2269 1537 2332 et

485 2367 602 2434 Osirus
625 2367 816 2454 metropolis
831 2367 980 2454 AEgypti,
997 2367 1118 2447 Bletes,
1135 2369 1342 2434 Alexandria
1363 2373 1398 2434 et
1419 2367 1535 2436 multae

481 2471 566 2537 alise.
613 2470 749 2558 Duplex
771 2474 823 2535 est
846 2469 1015 2556 AEgyptus
1032 2470 1212 2536 secuudum
1229 2470 1393 2549 Orosium,
1409 2471 1535 2536 scilicet

484 2573 627 2638 Inferior
661 2574 696 2638 et
727 2570 894 2658 Superior.
941 2572 1083 2638 Inferior
1114 2573 1173 2658 qui
1203 2573 1240 2638 in
1269 2574 1440 2639 Orientem
1474 2594 1533 2660 per

482 2674 619 2760 longum
642 2673 846 2754 extenditur,
870 2673 923 2740 cui
946 2678 997 2740 est
1027 2696 1049 2740 e
1071 2673 1305 2762 septentrione
1328 2675 1429 2742 Sinus
1452 2676 1536 2742 Aru-

482 2775 621 2854 biensa
644 2775 784 2842 Meridie
800 2774 957 2841 Oceanus
1004 2774 1092 2842 Nem
1116 2775 1159 2842 eb
1183 2777 1309 2843 Occasu
1331 2800 1373 2844 ex
1389 2778 1536 2865 AEgypto

483 2877 636 2944 Inferiori
667 2877 785 2966 incipit
817 2878 861 2947 ed
896 2878 1079 2960 Orientem,
1102 2885 1137 2946 et
1170 2879 1257 2946 Meri
1285 2879 1399 2946 Rubro
1421 2878 1534 2946 termi-

481 2985 592 3060 netur,
617 2997 737 3048 xx1111.
761 2980 933 3048 continens
955 2981 1117 3051 ustiones
1165 2981 1249 3050 Haeo
1271 2986 1384 3050 sutem
1407 2982 1536 3050 deserte

481 3083 595 3162 multe,
630 3082 754 3150 scilicet
785 3083 952 3172 AEgyptus
986 3083 1153 3172 Superior,
1187 3088 1396 3151 monstruose
1428 3083 1535 3152 multe

481 3187 639 3267 eontinet,
671 3185 707 3252 id
738 3191 798 3268 est,
828 3186 933 3274 perdi,
964 3186 1053 3274 tigri,
1088 3187 1202 3274 satyri,
1224 3185 1373 3266 basilici¹
1406 3185 1535 3274 aspides

480 3289 653 3358 horribiles
675 3296 710 3356 et
741 3295 910 3378 serpentes
922 3315 930 3372 ;
960 3311 1039 3354 nem
1061 3291 1098 3354 in
1119 3289 1243 3357 finibus
1266 3289 1414 3377 AEgypti,
1434 3289 1536 3376 juxte

480 3393 606 3460 fontem
640 3394 750 3481 Tigris
782 3395 927 3462 creditur
958 3414 1028 3460 esse
1061 3399 1161 3480 ceput
1194 3392 1267 3458 Nili
1298 3391 1445 3472 fluminis
1477 3391 1534 3478 qui

481 3497 665 3584 AEgyptum
689 3497 893 3584 praeterfiuit.
940 3496 1100 3562 Nascitur
1129 3495 1218 3562 enim
1251 3497 1288 3562 in
1322 3519 1362 3562 eo
1384 3493 1536 3583 quosdam

479 3598 571 3664 fers²
593 3599 777 3666 ssevissime
798 3597 955 3666 nomine⁸
984 3600 1195 3679 einoroceros,
1227 3598 1305 3685 qui⁴
1328 3621 1461 3686 corpore
1484 3602 1535 3664 est

480 3701 618 3779 modios,
642 3707 677 3767 et
710 3703 867 3768 membris
900 3702 989 3767 iners
1022 3707 1124 3788 atque
1158 3701 1262 3788 pigra,
1287 3707 1388 3788 ceput
1410 3699 1536 3766 hebens

478 3826 579 3892 greve
601 3811 636 3870 et
658 3827 785 3892 semper
807 3805 843 3870 in
865 3811 953 3872 terre
975 3825 1128 3892 pronum.
1189 3803 1306 3869 Tnntse
1337 3807 1449 3868 autem
1479 3823 1535 3867 ve·

479 3907 710 3994 n[eno]sitstis
733 3913 840 3974 estet
862 3907 1027 3994 perniciei,
1045 3906 1134 3994 quod
1156 3907 1267 3970 nullus
1289 3928 1364 3971 eum
1387 3908 1475 3971 recte
1497 3905 1533 3970 in

479 4010 563 4074 fecie
593 4010 707 4076 videre
736 4011 840 4097 possit
870 4011 951 4096 quin
981 4009 1096 4075 stetim
1129 4009 1201 4075 sine
1224 4001 1368 4074 remedio
1392 4007 1530 4093 expiret.

481 4111 631 4178 Eundem
652 4113 740 4180 enim
762 4119 916 4180 netursm
938 4112 1041 4178 hebet
1062 4112 1241 4180 basiliscus.
1288 4112 1362 4178 Hoc
1393 4111 1531 4190 Plinius,

481 4216 566 4282 libro
581 4232 662 4284 vm.
680 4217 775 4304 cepit
791 4233 881 4284 ΠΗ.
921 4215 965 4281 In
979 4215 1129 4304 AEgypto
1152 4215 1241 4281 enim
1263 4215 1407 4282 maxime
1430 4213 1520 4280 ebun

514 4595 764 4665 ¹12ardttiortse]
783 4595 882 4662 pudes,
895 4593 981 4663 tigres,
1004 4594 1009 4666 Ι
1064 4593 1159 4646 'Note
1175 4593 1203 4644 in
1219 4607 1298 4659 marg.
1316 4592 1384 4644 MD.
