3674 5800
346 1044 384 1100 Of
391 1044 455 1124 Ale·

345 1125 455 1165 menum

512 863 555 927 84
811 877 994 928 sumemus
1017 876 1265 927 u1sr0a1snuu.

512 1049 662 1132 nubium,
689 1073 710 1117 a
741 1049 881 1116 Meridie
910 1049 1065 1116 Rhenum
1100 1050 1251 1131 fluvium,
1278 1073 1299 1116 a
1330 1049 1563 1139 Septentrione

511 1159 547 1222 et
563 1154 688 1223 Occasu
704 1155 879 1221 Oceanum.
926 1153 970 1220 In
985 1152 1164 1220 Germania
1179 1157 1259 1219 sunt
1272 1153 1422 1220 homines
1434 1175 1573 1272 magum,

509 1262 656 1336 staturae,
686 1256 816 1322 viribus
845 1255 957 1336 fortes,
989 1255 1194 1323 audaeest
1159 1262 1194 1323 et
1218 1257 1331 1322 animo
1357 1255 1521 1337 ferocess
1511 1279 1563 1321 ιιι-

511 1359 641 1442 domiti,
683 1379 827 1446 rapaces,
867 1357 1103 1425 venationibus
1133 1360 1292 1446 occupati,
1323 1357 1405 1424 faeie
1445 1359 1564 1440 decori,

511 1467 546 1528 et
575 1483 668 1528 coma
689 1461 779 1542 flavi,
805 1461 917 1528 animo
943 1461 1105 1542 liberales,
1126 1460 1265 1548 jocundi
1295 1465 1330 1528 et
1360 1459 1501 1540 hilares,¹
1528 1467 1563 1528 et

511 1565 680 1683 potissime
703 1562 860 1642 Saxones,
877 1564 918 1629 de
941 1561 1062 1650 quibus
1078 1563 1235 1645 Isidorus,
1252 1563 1430 1640 Saxonum,
1446 1563 1563 1650 inquit,

511 1689 592 1754 gens
627 1667 665 1732 in
697 1666 821 1732 Ocesni
851 1665 975 1731 finibus
1009 1665 1200 1742 constituis,
1239 1666 1367 1732 vhtute
1399 1669 1434 1730 et
1470 1665 1564 1753 egili-

511 1775 582 1836 tats
614 1768 735 1834 habilis
770 1771 804 1834 et
841 1789 912 1855 prae
949 1767 1076 1835 catenis
1120 1767 1239 1856 piratis
1268 1767 1490 1856 praestantius,
1528 1774 1563 1835 et

511 1870 774 1938 valentissimum
796 1891 900 1958 genus
922 1869 1095 1936 homiuum
1125 1875 1183 1936 est
1229 1870 1308 1937 Non
1330 1871 1418 1937 euim
1441 1871 1563 1936 solum·

511 1974 608 2040 modo
630 1995 688 2061 per
718 1977 842 2038 terram
872 1971 1023 2039 hostibus
1054 1977 1133 2038 sunt
1167 1973 1289 2055 infesti,
1312 1995 1428 2040 verum
1460 1974 1561 2040 etiam

509 2097 569 2164 per
599 2097 689 2144 mere
711 2076 798 2162 ipsos
820 2073 988 2141 debellent
1010 2078 1045 2140 et
1075 2075 1274 2162 opprimunt.
1322 2074 1409 2142 Sunt
1431 2080 1466 2142 et
1488 2076 1562 2145 aliae

509 2179 687 2266 provinciae
709 2177 746 2241 in
768 2181 912 2263 utreque
932 2176 1114 2250 ,Germanis
1135 2199 1210 2264 quse
1233 2200 1301 2244 non
1330 2179 1441 2243 minus
1464 2178 1561 2244 laude

510 2286 591 2347 sunt
617 2281 728 2368 digne,
755 2283 795 2345 ut
833 2279 980 2360 Austris,
1017 2278 1172 2345 Barcaria
1207 2285 1322 2346 contra
1359 2279 1561 2360 Danubium,

510 2382 641 2462 Suevia,
679 2381 812 2448 Alserie
850 2382 936 2449 circe
979 2381 1157 2462 Rhenum;
1193 2383 1309 2450 multae
1347 2383 1421 2448 alise
1459 2382 1562 2470 quae²

510 2507 701 2550 enumerare
736 2489 822 2551 esset
856 2484 1040 2552 taediosum.
1086 2483 1119 2550 A
1153 2483 1328 2552 Saxonicis
1358 2485 1562 2552 Germanicis

510 2587 614 2674 Angli
636 2591 872 2674 processerunt,
889 2609 1030 2674 quorum
1053 2588 1226 2676 progenies
1252 2593 1287 2654 et
1309 2589 1466 2654 successio
1489 2586 1561 2652 Bri-

510 2689 661 2755 terrulam
685 2689 832 2754 Insulam
861 2689 1015 2776 possidet,
1050 2711 1190 2776 quorum
1218 2691 1366 2778 linguam
1391 2695 1426 2756 et
1456 2711 1561 2754 mores

510 2792 694 2878 Anglorum
739 2813 820 2878 gens
861 2814 962 2877 usque
1005 2791 1105 2858 hodie
1141 2793 1177 2858 in
1215 2793 1366 2882 pluribus
1400 2792 1560 2858 imitetur.

511 2893 586 2960 Hoc
610 2893 702 2959 Beda
724 2894 760 2958 in
784 2892 894 2960 Gestis
917 2883 1112 2984 Anglorum.

915 3181 998 3250 Cle.
1024 3183 1146 3248 XCIX.

933 3369 984 3436 De
1000 3370 1141 3456 Aeplia.

345 3541 495 3612 erengus.
554 3527 697 3594 Auem
720 3525 844 3594 Oceani
877 3532 927 3593 est
958 3527 1067 3593 insule
1096 3525 1242 3593 maxima
1270 3549 1345 3614 quae
1367 3529 1561 3596 circumfusa

509 3631 593 3696 mari
613 3654 634 3697 a
655 3636 728 3697 toto
751 3628 846 3696 orbi⁸
860 3629 1007 3716 undique
1022 3635 1074 3696 est
1097 3630 1205 3696 divisa
1216 3653 1225 3710 ;
1247 3651 1345 3716 quam
1369 3632 1560 3700 succedente

508 3738 654 3819 tempore
677 3733 813 3818 quidam
836 3754 984 3819 proceres
1007 3732 1048 3798 de
1069 3732 1177 3820 Trojse
1200 3732 1329 3799 excidio
1345 3733 1558 3816 discedentes,

508 3837 602 3911 facte
628 3835 727 3900 classe
758 3839 798 3901 ut
826 3835 956 3900 fertur⁴
983 3835 1126 3900 Palladis
1161 3835 1300 3913 oraculo,
1324 3835 1367 3901 sd
1392 3837 1559 3924 praedictae

509 3937 625 4003 insulse
658 3937 758 4002 litora
784 3943 1016 4024 pervenerunt,
1051 3937 1110 4024 qui
1139 3943 1253 4004 eontra
1273 3938 1425 4026 gigantes
1467 3940 1560 4006 illam

508 4047 631 4106 terram
653 4039 855 4126 possidentes
870 4039 998 4105 diutius
1020 4045 1262 4126 pugnaverunt
1311 4040 1397 4127 Ipsis
1413 4041 1558 4122 devictis,
1681 4089 1689 4108 .

507 4141 651 4208 insulam
682 4163 742 4207 suo
769 4142 918 4208 dominio
955 4141 1202 4230 subjugarunt,⁶
1234 4147 1270 4208 et
1298 4165 1370 4208 eam
1404 4167 1426 4210 a
1457 4145 1561 4211 Bruto

509 4241 753 4311 Brutenniam⁶
787 4245 1072 4327 nominaverunt5
1104 4269 1124 4311 a
1160 4243 1253 4332 cujus
1283 4245 1381 4312 Bruti
1410 4249 1560 4334 prosapia

540 4543 662 4609 ’Μυκη
676 4542 797 4594 hhemles.
810 4557 896 4607 prtem.
933 4544 964 4593 Β.
1091 4542 1285 4611 'sutjuymnfl
1343 4545 1547 4610 subjugaverunt.

538 4623 626 4689 ίᾳιιιι]
639 4636 708 4688 quas.
743 4621 808 4672 ul).
1060 4622 1125 4674 ΒΔ).

538 4701 625 4768 'os-ts]
639 4702 707 4752 orbe.
743 4701 813 4752 B.D.
1090 4701 1290 4768 ‘Brutonniunj
1305 4701 1470 4754 Britanniam.
1493 4702 1558 4754 B.D.
1603 4735 1608 4744 ·

539 4781 652 4847 ‘serlurJ
665 4780 763 4832 dicitur.
800 4779 864 4830 B.D.
1058 4781 1435 4846 Bntuniasururoinmsrg.
1448 4781 1478 4831 Β.
