3674 5800
596 889 777 940 nurouruu
800 891 1049 942 nrsroemrun.
1305 880 1347 943 85

293 1083 385 1148 reges
413 1061 905 1158 potentissimiprooesserunt,
931 1087 1072 1151 qnorum
1100 1086 1199 1151 opera
1221 1067 1513 1154 magni-oringis

296 1165 355 1229 fica
390 1165 418 1228 si
448 1163 570 1251 quem¹
603 1165 717 1231 audire
747 1167 922 1248 desiderat,
956 1167 1141 1234 Historiam
1173 1168 1348 1236 Britonum

294 1267 448 1434 ffliegat
495 1267 677 1335 Residuum
710 1269 750 1334 de
782 1268 906 1357 Anglia
927 1291 1039 1356 quaere
1068 1269 1105 1335 in
1140 1270 1206 1338 fine
1236 1273 1347 1359 quarti

759 1658 839 1724 Oro.
865 1659 900 1750 Q.

660 1846 710 1912 De
725 1847 959 1934 Aquituuuto.
1080 1844 1087 1858 '

343 2033 572 2110 murmuri
594 2040 645 2100 est
668 2034 786 2102 Galliae
808 2041 926 2124 potens
955 2037 1182 2123 provinciam
1206 2036 1345 2124 Europa
1359 2053 1486 2136 orique

297 2134 453 2200 Fluvium
475 2137 576 2202 hebet
596 2137 748 2218 liberum,
769 2139 914 2225 Ligerim
937 2139 1078 2206 nomine.
1124 2139 1225 2205 Terra
1246 2133 1434 2226 siqui-‘⁸³¹²

296 2237 371 2303 dem
391 2237 508 2305 fertilis
530 2244 565 2305 et
587 2262 728 2320 amoena,
745 2241 896 2307 omnibus
916 2241 1012 2308 bonis
1035 2243 1199 2330 opulenta,
1216 2242 1346 2329 eampis,

295 2341 490 2422 nemoribus,
513 2342 651 2430 pascuis,
685 2343 790 2430 pratis
822 2345 1001 2431 perlucide,
1023 2345 1140 2412 eastfis
1170 2350 1205 2411 et
1238 2345 1348 2410 muni-

295 2443 441 2510 tionibus
482 2444 565 2510 bene
594 2446 735 2527 firmato,
771 2448 861 2512 omni
900 2469 1019 2535 genere
1057 2447 1192 2528 metalli,
1227 2452 1349 2534 praeter

304 2547 474 2633 plumbum
499 2553 534 2614 et
563 2571 617 2626 aes,
641 2549 757 2614 ditata
805 2549 837 2614 A
853 2548 947 2616 Circe
971 2549 1073 2616 hebet
1099 2550 1266 2616 Oceanum
1290 2550 1347 2637 qui

298 2649 398 2715 Sinus
428 2650 671 2737 Aquitennieus
705 2653 898 2739 appellatur,
925 2653 968 2719 ab
991 2653 1115 2720 Oeeesu
1138 2653 1347 2741 Hispaniam,

295 2773 316 2816 a
347 2750 578 2839 septentrione
601 2759 636 2819 et
667 2752 803 2820 Oriente
833 2753 976 2820 Galliam
1006 2759 1042 2821 et
1070 2753 1350 2844 Lugdunensem,5⁸

296 2853 338 2918 ab
368 2853 458 2920 Euro
492 2859 526 2921 et
560 2855 698 2924 Meridie
727 2857 932 2944 provinciam
964 2857 1224 2929 Narbonensem.
1274 2857 1350 2926 Hoo

297 2957 434 3024 Orosius
456 2964 491 3026 et
513 2957 667 3027 Isidorus

737 3245 816 3317 Onr.
842 3246 897 3317 01.

694 3434 744 3500 De
760 3433 967 3499 Brubuutia.

342 3623 569 3688 Burrenum·
593 3623 781 3690 Germaniae
828 3621 938 3688 finalis
975 3627 1026 3688 est
1063 3619 1240 3708 provincia,
1272 3640 1346 3705 quae
1359 3628 1468 3708 Oruro-

297 3724 413 3792 Gelliae
454 3725 596 3813 Belgieae
634 3730 685 3791 est
730 3725 895 3812 contigua,
935 3723 1089 3790 Rhenum
1134 3723 1259 3788 habens
1304 3722 1347 3786 ab
1359 3699 1452 3749 ω’

298 3827 442 3907 Oriente,
469 3827 700 3894 Britannicum
724 3828 892 3894 Oceanum
915 3830 950 3893 et
972 3825 1164 3893 Flendriem
1186 3825 1230 3891 ab
1244 3825 1348 3911 Aqui-

296 3929 378 4008 lone,
413 3929 606 3996 Inferiorem
646 3929 789 3996 Gelliam
826 3930 869 3996 ab
912 3928 1098 4006 Occidente,
1139 3926 1347 4015 Superiorem

298 4031 469 4098 Franeiem
491 4053 512 4098 a
535 4031 681 4110 Meridie,
706 4033 813 4098 multe
834 4031 959 4098 habens
982 4031 1104 4118 oppida
1125 4035 1160 4097 et
1175 4029 1188 4068 ³
1203 4030 1329 4098 famose
1339 4053 1348 4112 ;

297 4139 384 4200 terra
413 4133 534 4201 fertilis
564 4138 599 4200 et
630 4135 798 4222 populosa,
828 4157 910 4223 gens
943 4138 1085 4200 venuste
1124 4138 1159 4198 et
1197 4131 1347 4213 formose,

296 4243 412 4304 eontra
441 4239 550 4305 hostes
579 4235 742 4318 bellicosa,
774 4242 809 4304 et
838 4238 875 4302 in
909 4235 1065 4304 eonfiietu
1090 4235 1244 4304 animosa
1306 4236 1348 4302 In

296 4340 426 4428 placitis
447 4363 527 4428 gens
549 4339 694 4428 benigna
717 4344 751 4408 et
781 4341 902 4426 quieta.
950 4340 1024 4406 Hoe
1048 4339 1213 4406 Rabanus.

331 4653 432 4721 'dmi
447 4647 508 4720 qfle·
526 4652 561 4706 A·
587 4667 669 4720 quem·
687 4651 717 4704 Β·
743 4664 798 4704 00²·
881 4649 1096 4721 ‘lurdonum
1109 4649 1270 4720 Lugdunum.
1282 4647 1349 4706 BD.

295 4737 379 4788 reered
405 4736 460 4786 into
486 4735 548 4800 quis,
575 4734 698 4800 probably
715 4733 799 4800 primo

298 4831 377 4866 manu.
412 4819 468 4880 que.
505 4815 539 4865 D,
882 4791 938 4864 ὀί]
951 4813 1000 4849 om.
1034 4795 1098 4849 nl).
