3696 5794
516 867 577 930 164
809 883 992 934 nuuoonns
1013 883 1261 934 nieroursuuss

512 1053 599 1124 priam
617 1055 769 1112 libertatem
792 1055 821 1112 in
842 1056 977 1114 fructibus
998 1058 1128 1114 silvarum
1151 1061 1179 1114 et
1202 1075 1331 1128 agrorum
1352 1061 1380 1112 et
1399 1057 1429 1112 in
1450 1060 1565 1129 captura

512 1139 636 1211 piscium,
664 1158 714 1196 nec
737 1142 904 1197 munuscula
927 1141 1064 1214 praebeant
1085 1142 1138 1198 nisi
1158 1142 1321 1207 voluntaria,
1339 1141 1386 1198 sed
1406 1142 1483 1198 liberi
1502 1141 1563 1198 Deo

513 1223 639 1289 serviant,
658 1229 709 1280 etc.
746 1222 800 1280 Cui
825 1225 954 1282 successit
977 1243 1023 1282 rex
1048 1225 1121 1282 ora.

550 1305 613 1362 offa
629 1325 685 1374 rex,
710 1307 830 1380 abnepos
854 1308 963 1374 Perde,
987 1309 1141 1366 secundum
1164 1309 1345 1365 Willielmum
1372 1307 1563 1366 Malmesburi-

364 1397 370 1410 ‘
396 1385 423 1413 '‘
455 1399 461 1413 '
512 1408 613 1457 ensem,
636 1392 679 1447 vir
709 1391 828 1463 ingentis
860 1393 945 1448 animi
968 1399 995 1450 et
1028 1394 1076 1466 qui
1107 1393 1201 1449 omnia
1223 1409 1286 1466 qua
1316 1399 1408 1450 mente
1440 1393 1564 1466 concepit

512 1474 614 1531 efficere
632 1475 776 1549 proposuit
782 1500 791 1543 ς
809 1477 988 1550 regnavitque
1007 1493 1120 1533 xxxix.
1141 1477 1236 1543 sanim
1254 1495 1345 1549 regem
1357 1477 1562 1534 westsaxonum

513 1560 692 1614 Kunewlium
722 1561 813 1632 palam
843 1577 1006 1633 congressus
1036 1563 1156 1634 palmam
1188 1561 1283 1618 leviter
1306 1561 1441 1626 obtinuit;
1469 1579 1562 1632 regem

512 1643 703 1712 Egelbribtum
725 1643 912 1700 fraudulenter
930 1645 1074 1718 decapitari
1094 1645 1167 1710 iecit,
1184 1663 1356 1718 regnumque
1379 1644 1561 1702 Orientalium

511 1728 666 1796 Anglorum
690 1727 765 1802 quod
788 1733 912 1784 tenuerat
935 1729 1054 1785 indebite
1077 1729 1204 1802 pervasit.
1253 1727 1307 1784 llic
1330 1728 1458 1802 reliquias
1483 1729 1561 1784 Beati

510 1813 620 1877 Albani,
642 1829 730 1885 usque
752 1811 789 1868 ad
806 1812 836 1867 id
852 1817 963 1886 tempus
986 1813 1100 1869 obscure
1117 1811 1277 1878 reconditas,
1295 1818 1446 1868 reverenter
1465 1813 1562 1868 elevari

509 1901 537 1950 et
560 1897 589 1950 in
613 1896 711 1952 scrinio
735 1914 819 1969 quam
841 1897 916 1968 regia
941 1897 1154 1968 magnanimitas
1179 1901 1284 1969 poterat
1308 1897 1423 1968 gemmis
1441 1902 1468 1953 et
1494 1915 1561 1952 auro

510 1979 635 2035 decorato
664 1981 792 2053 componi
821 1982 955 2054 praecepit,
982 1981 1093 2038 basilica
1121 1981 1295 2053 pulcherrimi
1318 1981 1406 2052 operis
1430 1979 1562 2036 aedificata

509 2069 536 2118 et
548 2064 745 2120 monachorum
757 2066 966 2136 congregatione
979 2063 1116 2136 aeijuncm.
1144 2064 1199 2120 llio
1211 2062 1303 2120 sedem
1315 2063 1561 2136 archiepiscopatus

510 2147 714 2204 Cantuaricnsis
731 2148 761 2202 in
780 2147 979 2204 Licbesfeldam
995 2149 1134 2204 meieni
1148 2153 1262 2204 conatus
1279 2153 1328 2213 est,
1340 2152 1367 2204 et
1384 2147 1562 2204 Lambcrsum

508 2233 748 2305 archiepiscopum,
771 2233 867 2288 multis
890 2232 1029 2289 laboribus
1044 2233 1200 2304 fatigatum,
1221 2231 1365 2304 crebreque
1387 2231 1464 2288 Sedis
1487 2235 1561 2304 Apo·

509 2318 610 2372 stoliccc
625 2322 652 2372 et
666 2335 739 2372 nova
751 2322 779 2372 et
790 2322 880 2372 vetera
891 2315 980 2373 edicta
990 2316 1180 2388 proferentem.
1215 2313 1339 2370 Tandem
1350 2315 1476 2370 omnium
1492 2333 1561 2388 prse-

510 2401 618 2456 diorum
642 2418 703 2473 quoe
727 2401 797 2456 inter
819 2401 949 2458 terminos
974 2418 1039 2456 suos
1063 2403 1147 2466 erant,
1172 2403 1199 2456 et
1222 2399 1429 2472 episcopatuum
1448 2399 1559 2466 ditione,

509 2486 624 2557 privavit
646 2491 674 2540 et
694 2485 814 2540 obtinuit
837 2485 871 2540 ab
895 2483 1017 2540 Adriano
1037 2501 1109 2556 papa
1132 2483 1208 2556 quod
1230 2501 1325 2539 omues
1347 2484 1466 2556 epiceopi
1490 2483 1562 2540 Mer·

508 2571 613 2624 ciorum
645 2569 763 2624 ecclesie
793 2567 991 2624 Lichefeldensi
1020 2573 1053 2623 ut
1082 2566 1324 2639 archiepiscopatui
1356 2567 1559 2639 subjicerentur,

507 2653 578 2709 riu:
598 2653 805 2724 wigorniensis,
819 2651 1042 2723 legecestrensis,
1056 2650 1294 2716 sidnacestrenois,
1310 2655 1338 2706 et
1359 2649 1560 2718 Herfordensis,

508 2741 536 2792 et
553 2736 671 2808 episcopi
685 2735 867 2790 Orientalium
879 2735 1043 2807 duplorum,
1061 2735 1245 2790 Elimanensis
1262 2740 1289 2790 et
1303 2735 1488 2791 Damaoensis.
1508 2735 1560 2791 Re·

508 2825 668 2875 manserunt
686 2819 885 2892 archiepiscopo
904 2819 1094 2874 Cantuariensi
1114 2817 1324 2884 Londoniensis,
1343 2817 1559 2890 Wyntcniensis,

510 2903 653 2970 Roffensis,
677 2908 704 2958 ct
729 2903 881 2959 Seliciensis
904 2902 953 2959 sed
975 2921 1025 2959 uec
1048 2902 1077 2958 in
1101 2902 1145 2957 his
1172 2901 1230 2974 ejus
1259 2903 1391 2974 rapacitas
1414 2903 1490 2958 stetit
1512 2901 1561 2959 sed

507 2989 658 3043 multarum
678 2987 850 3042 ecclesiarum
870 2985 1020 3060 prebendas
1040 2984 1166 3058 publicus
1187 2985 1318 3058 expilator
1337 2987 1446 3042 abrasit.

545 3071 616 3126 Offae
636 3071 765 3127 successit
784 3071 933 3143 ngerhtus
946 3069 994 3143 qui
1013 3069 1106 3126 sedule
1122 3073 1241 3141 paternae
1259 3069 1436 3126 immanitatis
1446 3069 1561 3142 vestigia

388 3173 393 3186 ·
509 3156 646 3212 declinans
671 3155 811 3226 privilegia
834 3154 960 3210 omnium
983 3153 1163 3219 ecclesiansm,
1185 3171 1247 3226 quae
1270 3153 1377 3224 genitor
1399 3159 1559 3220 attenuarat

509 3259 595 3312 prona
610 3239 752 3294 devotione
766 3239 916 3294 renovavit.
954 3237 1007 3293 Cui
1021 3237 1151 3293 successit
1164 3235 1305 3292 Kenwlfus
1317 3255 1371 3304 rex,
1384 3239 1425 3293 vir
1441 3255 1560 3309 magnus

507 3331 535 3380 ct
553 3323 701 3380 virtutibus
718 3323 820 3378 famam
839 3321 1054 3394 supergrediens,
1073 3319 1143 3376 nihil
1161 3320 1237 3394 quod
1254 3320 1324 3376 livor
1342 3321 1424 3392 digna
1442 3326 1560 3394 carperet

506 3425 630 3482 unquam
649 3407 793 3472 commisit,
813 3405 887 3461 domi
908 3405 1060 3476 religiosus,
1079 3404 1150 3460 ballo
1169 3404 1330 3460 victoriosus
1339 3427 1348 3470 ς
1367 3405 1445 3476 cujus
1463 3405 1557 3462 laudes

506 3495 603 3548 merito
628 3492 716 3547 nitent
738 3491 768 3544 in
786 3491 874 3544 altum
892 3487 1025 3562 quamdiu
1043 3505 1139 3560 aquus
1169 3488 1269 3543 arbiter
1286 3488 1315 3543 in
1336 3488 1438 3560 Anglia
1455 3490 1558 3545 inveni-

506 3582 576 3633 etur.
626 3575 679 3630 Hic
692 3573 915 3629 cantuariensem
926 3573 1064 3628 ecclesiam
1081 3573 1111 3626 in
1129 3571 1270 3644 pristinam
1287 3572 1439 3628 libertatem
1456 3573 1556 3639 reiecit,

505 3666 533 3716 et
561 3677 653 3730 regem
683 3656 906 3714 cantuaritarum
935 3655 1109 3727 Eghbertum
1139 3655 1209 3711 Pren
1239 3655 1365 3712 vinctum
1388 3655 1512 3722 abduxit,
1530 3662 1558 3712 et

504 3743 578 3815 apud
609 3741 836 3814 Wynchccombc‚
866 3741 915 3796 ubi
951 3739 1090 3794 ecclesiam
1125 3757 1188 3812 quse
1224 3739 1315 3795 adhuc
1344 3745 1480 3812 superstes
1515 3745 1557 3796 est

504 3829 565 3882 Deo
588 3825 775 3888 aedificaverat,
793 3825 854 3896 ipso
879 3823 1056 3879 dedicationis
1075 3823 1118 3878 dis
1135 3841 1228 3894 regern
1249 3824 1388 3895 captivum
1410 3823 1446 3880 ad
1474 3825 1556 3880 altare

502 3911 700 3966 manumittens
722 3909 845 3964 libertate
869 3906 997 3973 donavit;
1027 3905 1119 3962 aderat
1142 3906 1180 3962 ibi
1200 3906 1394 3962 munificentiae
1417 3909 1489 3979 regis
1509 3926 1555 3980 sp-

502 3997 615 4065 plausor
656 3991 823 4058 Cuthredus,
862 4008 943 4063 quem
984 3991 1029 4046 illo
1078 3989 1247 4047 Centrraritis
1286 4009 1378 4063 regem
1416 3993 1535 4064 prefecit
1545 4013 1556 4058 ς

503 4077 618 4134 sonabat
631 4077 743 4132 basilica
759 4075 910 4147 plausibus,
931 4075 1030 4146 platsea
1048 4073 1223 4140 discursibus,
1236 4093 1268 4130 eo
1278 4074 1369 4148 quod¹
1388 4075 1426 4131 ibi
1444 4076 1474 4131 in
1492 4094 1556 4131 con·

501 4166 587 4216 ventu
616 4159 900 4230 x111.episcoporum
929 4163 957 4213 et
986 4174 1017 4213 x.
1048 4156 1151 4214 ducum
1179 4158 1263 4214 nullis
1292 4159 1425 4230 largitatis
1453 4163 1556 4230 pateret

501 4245 611 4316 repulsa
629 4243 697 4316 quin
716 4260 811 4298 omnes
835 4240 988 4298 secundum
1011 4240 1055 4298 sui
1079 4246 1167 4297 status
1186 4242 1351 4314 exigentiam
1370 4244 1449 4316 qussi
1467 4244 1555 4315 plenis

501 4327 646 4399 marsupiis
676 4327 720 4382 vel
750 4325 868 4381 donariis
897 4325 1017 4392 abirent3
1053 4324 1123 4380 illud
1152 4325 1235 4381 etiam
1264 4327 1459 4382 monesterium
1489 4345 1553 4383 cum

502 4413 610 4484 magnis
639 4409 790 4466 redditibus
820 4409 967 4480 ampliavit.
1017 4407 1071 4464 Cui
1100 4411 1229 4465 successit
1260 4410 1378 4468 Sanctus
1405 4410 1554 4466 Kenelmus

502 4497 575 4553 filius
599 4495 665 4566 ejus,
689 4491 841 4548 secundum
862 4491 1043 4548 willielmum
1067 4491 1331 4560 Malmsburiensem‚
1356 4511 1387 4550 ac
1405 4510 1505 4548 nomen
1526 4499 1554 4550 et

501 4581 583 4637 decus
606 4577 727 4651 martyrii
750 4575 874 4648 adeptus,
898 4575 972 4648 apud
998 4575 1241 4648 ancheohumbe
1267 4577 1349 4649 juxta
1377 4581 1483 4649 patrem
1512 4583 1554 4633 est

499 4666 632 4736 sepultus.
669 4661 768 4718 Postea
793 4660 874 4715 multi
904 4659 949 4715 alii
975 4665 1166 4732 regnaverunt,
1185 4665 1213 4716 et
1241 4660 1354 4717 tandem
1384 4661 1553 4733 principatus

499 4748 664 4805 Merctorum
688 4763 735 4818 per
755 4743 895 4818 quandam
907 4741 1023 4800 Gentilis
1042 4743 1092 4800 viri
1116 4743 1251 4800 insaniam
1272 4745 1364 4801 subito
1382 4744 1507 4811 effloruit,
1525 4749 1553 4800 et

831 4934 1159 5004 'soqaodieceoqam
1190 4935 1221 4989 n
