3696 5794
469 887 533 954 206
770 899 953 954 smooluu
975 895 1219 954 nimosunuu.

304 1097 434 1150 meni·-
470 1095 647 1185 cxpulsus¹
680 1119 777 1164 causo
807 1097 975 1164 occisionis
1006 1095 1110 1164 Turni
1140 1099 1234 1186 regis,
1268 1119 1367 1186 quam
1397 1099 1518 1166 AEneaa

304 1173 361 1232 ιον]
373 1166 403 1217 oi

304 1233 390 1284 Brute.

470 1223 612 1290 proavus
636 1223 714 1268 suus
745 1201 927 1280 occiderct3
956 1199 1034 1266 inde
1060 1205 1172 1268 autam
1194 1202 1328 1290 fugatus
1350 1223 1427 1268 casu
1448 1223 1520 1290 por-

469 1305 564 1370 vcnit
595 1305 629 1369 in
655 1303 821 1387 Galliam⁹
851 1303 961 1390 ibique
980 1305 1150 1370 civitatem
1181 1303 1335 1372 Turoniae
1359 1305 1516 1387 condidit,

471 1429 546 1494 quae
583 1429 686 1494 usquc
724 1407 823 1473 hodic
861 1407 1013 1473 Tourcs³
1051 1407 1254 1489 nominatur,
1294 1409 1353 1474 ubi
1399 1430 1517 1495 corpus

473 1511 586 1576 Sancti
625 1511 763 1576 Martini
797 1510 910 1576 multis
955 1509 1122 1576 miraculis
1166 1515 1321 1578 coruscat.
1380 1509 1431 1576 Dc
1461 1511 1518 1576 illa

471 1614 607 1680 civitate
629 1611 758 1701 plonius
781 1613 814 1678 in
840 1619 1007 1702 posterum
1031 1613 1166 1680 dicotur.

914 2027 995 2092 Ona.
1023 2025 1089 2092 ΙΙΙ.

516 2239 659 2308 Baunus
674 2261 752 2304 vcro
769 2237 867 2306 Silvii
890 2239 986 2316 filins,
1001 2243 1175 2326 postquam
1198 2243 1325 2325 patrem
1348 2238 1518 2320 occiderat,

469 2343 539 2410 ab*
562 2345 620 2408 ilio
643 2348 733 2409 terro
755 2343 890 2429 fugatus
912 2347 963 2408 cst
987 2363 1061 2407 cum
1084 2341 1237 2408 omnibus
1261 2341 1326 2406 sibi
1348 2339 1517 2406 adhaercn-

470 2447 568 2513 tibus
615 2447 739 2512 Brutus
762 2467 840 2510 vero
871 2445 986 2510 dolens
1010 2443 1231 2532 pervenitad
1262 2441 1446 2522 Graeciam
1470 2445 1515 2509 ibi

469 2549 600 2614 invonit
622 2565 684 2614 v11.
707 2547 800 2612 milia
822 2548 993 2612 hominum
1029 2547 1069 2613 dc
1092 2547 1194 2634 stirpe
1225 2545 1332 2632 Trojae
1357 2545 1394 2610 in
1427 2569 1518 2634 mag-

470 2673 551 2716 num
573 2651 746 2716 servitium
761 2647 954 2737 subjugati,⁶
968 2672 1049 2736 quos
1072 2672 1130 2714 rcx
1154 2645 1362 2724 Pundraaua⁶
1383 2655 1518 2736 proptor

470 2758 609 2818 mortem
641 2751 789 2834 Achillis,
813 2751 870 2840 qui
895 2753 970 2817 dolo
993 2756 1028 2817 ct
1062 2751 1181 2817 fraude
1203 2751 1238 2816 in
1263 2751 1362 2837 Troja
1384 2751 1516 2817 fucrat⁷

469 2857 600 2934 occisus,
624 2855 793 2944 relegavit.

514 2958 645 3038 Brutus,
678 2957 756 3024 licet
793 2957 937 3046 juvenis,
965 2957 1119 3023 omnibus
1170 2955 1236 3023 fuit
1273 2955 1433 3038 amabilis,
1479 2957 1515 3023 in
1626 2977 1629 2982 ·

468 3081 616 3126 sermono
653 3060 804 3138 affabilis,
838 3082 971 3148 corpore
1004 3061 1147 3140 decorus,
1183 3065 1314 3126 statura
1354 3083 1513 3148 procerus

468 3168 604 3250 aspectu
643 3168 813 3244 venustus,
853 3168 888 3229 et
925 3164 967 3228 ab
1005 3163 1159 3228 omnibus
1191 3163 1379 3229 honoratus
1443 3163 1515 3228 Rox

468 3267 572 3354 igitur
600 3265 807 3332 Pandrasus⁸
830 3266 871 3332 dc
895 3272 992 3354 gestu
1015 3287 1075 3330 suo
1105 3265 1251 3346 audiens,
1274 3265 1381 3353 ipsum
1406 3289 1514 3331 secum

347 3393 353 3405 ’
467 3371 610 3434 retinnit
640 3369 828 3435 cumomni
852 3369 985 3450 honoro,
1014 3369 1064 3433 ita
1096 3367 1182 3454 quod
1217 3367 1283 3434 fuit
1304 3369 1392 3456 regis
1414 3390 1515 3434 secre-

468 3473 582 3538 tarius.
629 3470 776 3537 Tandem
799 3471 934 3558 Trojnni
958 3471 1016 3558 qui
1039 3469 1173 3536 fuerunt
1203 3471 1239 3536 iu
1261 3471 1372 3535 servili
1395 3493 1514 3558 angus-

467 3575 516 3640 tia
539 3575 665 3639 detrusi
695 3573 739 3639 ad
763 3574 907 3639 Brutum
929 3574 1099 3660 conquesti
1121 3578 1200 3639 sunt
1231 3572 1398 3639 dicentes:
1425 3573 1514 3640 Satis

467 3677 531 3744 tibi
565 3679 652 3744 inest
686 3677 728 3742 dc
769 3677 978 3756 fortitudine,
1011 3677 1052 3742 dc
1087 3677 1210 3758 decoro,
1246 3677 1287 3742 de
1320 3677 1441 3764 vigore,
1474 3679 1515 3744 dc

467 3779 664 3862 audacitate,
689 3780 852 3865 quomodo
876 3785 986 3867 potest
1017 3785 1077 3846 tua
1099 3779 1357 3867 magnanimitas
1379 3781 1514 3846 sufferre

466 3882 604 3967 injurios
628 3903 709 3968 quas
732 3881 883 3948 vidctis⁹
905 3883 1055 3948 homines
1078 3883 1241 3948 sustinere
1265 3883 1305 3948 dc
1328 3887 1387 3947 tua
1403 3883 1514 3970 stirpe,

467 3983 508 4050 de
538 3989 597 4050 tua
621 3985 731 4072 patria
761 3985 924 4074 procreati
939 3989 952 4051 i
965 3985 990 4023 ¹⁰
1035 3985 1117 4052 Esto
1150 3985 1247 4052 nobis
1277 3987 1313 4050 in
1345 3985 1514 4052 dominum

502 4411 647 4481 'espuim]
665 4420 710 4465 eat.
727 4415 783 4464 add.
802 4413 869 4466 B.D.
1049 4414 1228 4484 ‘Pondram]
1265 4417 1370 4470 Paudn.
1421 4419 1487 4470 A.c.

499 4493 644 4560 *Gauium
679 4493 785 4546 Indiam.
818 4509 905 4560 prum.
939 4495 968 4548 B.
1015 4497 1134 4548 Pandam.
1168 4498 1198 4550 B.
1215 4499 1315 4563 panim.

466 4575 628 4626 crcsacdout
1047 4581 1056 4607 ⁷
1060 4579 1163 4646 suerat]
1182 4581 1237 4632 finit.
1270 4581 1302 4630 B.

500 4653 629 4720 ΙΤοιινοε]
649 4653 759 4704 Towres.
793 4653 823 4704 B.
1046 4657 1226 4728 'Pamin-om]
1245 4661 1352 4712 faunu.
1386 4661 1484 4714 A.C.D.

501 4732 624 4800 ⁴ac1ue.
658 4732 688 4784 B.
1044 4737 1166 4806 'vidend
1185 4740 1262 4792 videa.
1297 4739 1362 4792 ltu.

502 4811 656 4880 ‘sutjuqatfl
676 4811 828 4880 subjugatos.
862 4811 926 4865 RD.
1047 4818 1065 4848 ¹⁸
1072 4819 1210 4886 procreat]
1229 4829 1379 4884 procreatos.
1415 4821 1478 4872 B.D.
