3656 5800
469 835 534 903 sot
761 851 942 903 usmetun
966 847 1216 903 mammaeam

301 1039 429 1094 ΤιιοΗῑι-
466 1049 540 1094 eam
572 1027 786 1116 inspexisset¹
812 1051 869 1094 rex
904 1029 1015 1094 subito
1047 1028 1186 1094 incaluit
1219 1049 1329 1094 amore
1361 1027 1516 1095 mulieris

298 1117 355 1225 ἵζ’
368 1110 398 1160 ⁰¹
468 1130 551 1197 Hoec
573 1133 661 1196 enim
683 1131 753 1198 sola
782 1135 854 1197 erat
884 1131 937 1198 cui
968 1131 1091 1198 fereula
1122 1131 1322 1196 incessanter
1343 1130 1515 1217 dirigebat,

300 1192 408 1296 Artior.
466 1233 520 1299 cui
558 1255 657 1300 aurea
695 1233 812 1322 pocula
843 1233 1063 1300 familiaribus
1096 1231 1314 1300 internuntiis
1352 1233 1517 1298 mittebat

469 1335 666 1402 Multotiens
696 1337 727 1404 ci
765 1337 942 1417 arridebat,
978 1335 1113 1422 jocosa⁹
1144 1334 1247 1402 verba
1290 1335 1516 1402 interserebat

468 1437 565 1520 Quod
587 1461 660 1506 cum
691 1441 900 1526 comperisset
931 1440 1070 1504 maritus
1092 1441 1162 1526 ejus
1194 1438 1388 1504 confestim⁸
1411 1438 1516 1504 iratus

465 1547 501 1606 et
523 1541 735 1608 illicentiatus
758 1543 798 1608 de
821 1542 911 1608 curia
933 1542 1074 1608 recessit.
1138 1541 1248 1607 Iratus
1271 1541 1384 1628 itaque
1407 1539 1517 1606 Uther

466 1645 621 1731 praecepit
642 1643 673 1710 ei
696 1645 802 1710 redire
825 1645 861 1710 in
883 1644 1017 1722 curiam,
1036 1649 1073 1710 ut
1095 1644 1136 1710 de
1159 1643 1276 1708 illata‘
1300 1643 1423 1730 injuria
1449 1664 1516 1708 rec·

465 1747 644 1812 titudinem
676 1747 719 1812 ab
750 1769 789 1812 eo
822 1753 974 1813 sumeret
1020 1745 1109 1828 Qui⁶
1143 1767 1217 1812 otim
1252 1745 1381 1813 Gorlois
1404 1767 1516 1833 parere

465 1849 656 1935 diffugisset,
695 1871 754 1916 rex
786 1849 1013 1936 juramentum
1043 1849 1281 1937 sposponderat
1318 1871 1353 1916 se
1384 1871 1515 1915 omnem

465 1953 634 2018 nationem
673 1951 802 2018 Gorlois
832 1957 1044 2019 vastaturum
1081 1951 1147 2018 nisi
1183 1952 1228 2018 ad
1259 1951 1515 2018 satisfactionem

465 2055 673 2122 festinasset⁰
718 2055 788 2122 Neo
810 2077 912 2138 more,
935 2056 986 2121 ira
1017 2055 1106 2122 iuter
1135 2075 1190 2120 eos
1223 2060 1433 2136 accrescente,
1457 2077 1516 2121 rex

465 2181 623 2246 magnum
646 2159 825 2224 exercitum
848 2159 1019 2236 adunavit,
1036 2157 1239 2224 Oornubiam
1261 2158 1391 2245 petivit,
1415 2161 1515 2244 atque

465 2261 575 2349 ignem
597 2263 634 2327 in
656 2261 754 2341 urbes
776 2265 811 2328 et
833 2263 954 2349 oppida
982 2260 1211 2328 accumulavit
1274 2259 1425 2326 Gorlois⁷
1447 2282 1515 2326 non

465 2387 564 2430 ausus
587 2387 661 2432 oum
692 2387 769 2453 rege
800 2366 955 2452 congredi
986 2363 1147 2430 auxilium
1169 2363 1212 2428 ab
1236 2362 1425 2429 Hiberniois
1459 2385 1516 2450 pe·

465 2467 567 2549 tivit;
590 2471 631 2546 et,
659 2488 734 2534 cum
764 2465 839 2554 plus
868 2489 928 2556 pro
957 2488 1058 2532 uxore
1080 2487 1180 2552 quam
1202 2487 1263 2553 pro
1284 2466 1391 2552 seipso
1422 2465 1516 2530 anxi·

465 2575 585 2650 aretur,
609 2569 715 2656 ipsam
745 2571 858 2656 posuit
880 2569 917 2634 in
939 2569 1061 2656 oppido
1084 2569 1248 2656 Tintagol,
1272 2573 1431 2655 tanqua-m
1454 2589 1514 2654 pro

464 2671 535 2738 loco
557 2669 696 2738 tutiori⁸
718 2693 817 2758 quam
840 2671 993 2750 habebat,
1009 2673 1078 2758 ipse
1100 2675 1212 2738 autem
1227 2671 1329 2738 alium
1350 2672 1514 2759 ingressu·

463 2779 515 2840 est
547 2773 725 2853 castellum,
749 2795 792 2840 ne
825 2775 854 2840 si
885 2773 1107 2842 infortunium
1139 2775 1382 2862 supervenisset
1415 2774 1513 2840 ambo

463 2875 597 2942 insimul
619 2877 889 2964 periclitarentur.

509 2979 659 3066 Cumque
681 2979 717 3044 id
738 2979 808 3068 regi
840 2980 1033 3046 nuntiatum
1056 2966 1181 3060 fuisset,
1205 2979 1270 3046 ivit
1293 2981 1336 3046 ad
1357 2979 1514 3068 oppidum

463 3081 499 3148 in
537 3103 602 3170 quo
647 3081 776 3150 Gorlois
813 3082 928 3162 inerat,
954 3088 988 3150 et
1024 3081 1144 3148 illum⁹
1182 3083 1319 3162 obsedit,
1348 3104 1478 3150 omnem
1488 3082 1514 3121 ¹⁰

463 3183 593 3250 aditum
616 3207 712 3250 suum
734 3183 935 3272 praeclusit.¹¹
976 3185 1118 3252 Emensa
1140 3186 1275 3252 tandem
1298 3185 1513 3266 hebdomada,

463 3287 673 3354 reminiscens
703 3289 823 3353 amoris
861 3287 998 3374 Igemae,
1030 3287 1163 3354 vocavit
1198 3285 1329 3354 Utfin¹⁹
1355 3287 1396 3353 de
1435 3287 1515 3353 Rid-

463 3391 606 3469 caradoc,
640 3389 835 3456 familiarem
866 3391 929 3455 sibi
958 3389 1224 3472 commilitonem,
1254 3387 1515 3476 indicavitque¹⁸

463 3494 494 3558 ei
516 3493 628 3558 omnia
649 3515 779 3580 quoque
790 3491 814 3530 ¹⁴
837 3515 910 3582 quea
933 3498 1113 3580 optaverat,
1131 3493 1261 3558 dicans:
1288 3491 1379 3559 Uror
1402 3513 1513 3559 amore

464 3593 602 3682 Igernae,
626 3617 686 3661 nec
712 3597 894 3683 periculum
925 3597 1068 3683 corporis
1097 3595 1163 3662 mei
1185 3595 1326 3662 evadere
1357 3595 1514 3661 existimo

462 3697 528 3762 nisi
550 3719 590 3763 ea
610 3697 738 3786 potitus
760 3697 872 3778 fuer0;
895 3703 934 3764 tu
949 3699 1052 3786 igitur
1063 3697 1088 3735 ¹⁵
1110 3699 1229 3764 adhibe
1252 3697 1425 3764 consilium
1448 3719 1514 3784 quo

463 3799 669 3868 voluntatem
684 3821 791 3868 meam
806 3801 965 3890 expleam,
981 3805 1041 3869 aut
1053 3799 1078 3839 ¹⁰
1098 3801 1237 3870 internis
1248 3799 1273 3838 ¹⁷
1288 3801 1514 3867 anxietatibus

1352 4003 1467 4014 .-----=-
1475 4002 1508 4008 --·

496 4129 672 4196 'inspexissefl
691 4131 836 4196 aspexisset
871 4131 935 4182 RD.
1043 4129 1140 4199 ⁰2·th
1159 4131 1229 4184 illud.
1262 4131 1296 4184 D.

495 4211 504 4240 ²
508 4209 607 4274 jocosa]
624 4217 754 4273 etpraem
788 4211 854 4262 BD.
1043 4213 1062 4242 ¹⁸
1072 4212 1174 4278 om]
1192 4219 1225 4262 et
1238 4225 1324 4276 prtem.
1347 4211 1412 4263 BD.

495 4285 654 4352 ’confictimJ
673 4288 765 4339 statim
798 4289 832 4340 D.
1043 4291 1057 4322 ¹¹
1068 4289 1206 4357 praelusit]
1226 4289 1365 4355 praeludit
1400 4291 1466 4342 B.D.

496 4364 599 4432 ⁴illota]
618 4367 669 4416 illa,
703 4367 766 4418 B.D.
1043 4367 1244 4436 ¹²Utan1nan.
1278 4369 1314 4420 D.

496 4445 583 4510 'Quss
604 4444 659 4496 cai.
695 4445 726 4496 Β.
1043 4448 1247 4514 ¹²t'adiccoitqttc]
1266 4449 1427 4504 indicaverat.
1461 4449 1494 4500 D.

494 4527 504 4556 ⁸
507 4523 666 4590 putisceret]
685 4523 783 4576 veniret
810 4523 964 4579 festinanter.
1042 4530 1174 4596 '‘qaoquc]
1193 4545 1243 4582 om.
1277 4532 1344 4583 B.D.

463 4605 496 4656 D.
1042 4611 1059 4640 ¹⁵
1070 4610 1158 4676 iyitttr]
1178 4625 1246 4676 ergo.
1279 4613 1310 4662 B.

495 4682 625 4749 'Gcrioid
644 4685 803 4734 antem.ndd.
833 4683 864 4734 D.
1042 4687 1128 4753 1ἰηιι]
1148 4689 1190 4740 uti.
1225 4690 1259 4739 Α.

499 4763 613 4830 'tutioriJ
633 4765 732 4815 tutiore.
767 4764 831 4816 BD.
1041 4769 1057 4798 ¹⁷
1070 4767 1182 4836 internis]
1202 4769 1315 4821 interius.
1351 4769 1415 4822 nl).
