<?xml version="1.0" encoding="UTF-8"?>
<!DOCTYPE html PUBLIC "-//W3C//DTD XHTML 1.0 Transitional//EN"
    "http://www.w3.org/TR/xhtml1/DTD/xhtml1-transitional.dtd">
<html xmlns="http://www.w3.org/1999/xhtml" xml:lang="en" lang="en">
 <head>
  <title>
</title>
<meta http-equiv="Content-Type" content="text/html;charset=utf-8" />
  <meta name='ocr-system' content='tesseract 3.04.00' />
  <meta name='ocr-capabilities' content='ocr_page ocr_carea ocr_par ocr_line ocrx_word'/>
</head>
<body>
  <div class='ocr_page' id='page_1' title='image "./eulogiumhistori00haydgoog_0112.png"; bbox 0 0 3674 5800; ppageno 0'>
   <div class='ocr_carea' id='block_1_1' title="bbox 499 879 1245 940">
    <p class='ocr_par' dir='ltr' id='par_1_1' title="bbox 499 879 1245 940">
     <span class='ocr_line' id='line_1_1' title="bbox 499 879 1245 940; baseline -0.009 0"><span class='ocrx_word' id='word_1_1' title='bbox 499 879 542 940; x_wconf 81' lang='lat'><strong>20</strong></span> <span class='ocrx_word' id='word_1_2' title='bbox 791 887 973 940; x_wconf 79' lang='lat' dir='ltr'><strong>uunommr</strong></span> <span class='ocrx_word' id='word_1_3' title='bbox 995 885 1245 936; x_wconf 74' lang='lat' dir='ltr'><strong>nrsroarsauu.</strong></span> 
     </span>
    </p>
   </div>
   <div class='ocr_carea' id='block_1_2' title="bbox 885 1277 1157 1565">
    <p class='ocr_par' dir='ltr' id='par_1_2' title="bbox 885 1277 1157 1565">
     <span class='ocr_line' id='line_1_2' title="bbox 902 1277 1146 1347; baseline -0.008 -1"><span class='ocrx_word' id='word_1_4' title='bbox 902 1279 983 1347; x_wconf 76' lang='lat' dir='ltr'><strong>Osa</strong></span> <span class='ocrx_word' id='word_1_5' title='bbox 1013 1277 1146 1344; x_wconf 85' lang='lat' dir='ltr'><strong>XVIII.</strong></span> 
     </span>
     <span class='ocr_line' id='line_1_3' title="bbox 885 1476 1157 1565; baseline -0.004 -20"><span class='ocrx_word' id='word_1_6' title='bbox 885 1478 935 1545; x_wconf 83' lang='lat' dir='ltr'><strong>De</strong></span> <span class='ocrx_word' id='word_1_7' title='bbox 958 1476 1157 1565; x_wconf 75' lang='lat' dir='ltr'><strong>Babylonio.</strong></span> 
     </span>
    </p>
   </div>
   <div class='ocr_carea' id='block_1_3' title="bbox 546 1675 1549 1768">
    <p class='ocr_par' dir='ltr' id='par_1_3' title="bbox 546 1675 1549 1768">
     <span class='ocr_line' id='line_1_4' title="bbox 546 1675 1549 1768; baseline -0.007 -22"><span class='ocrx_word' id='word_1_8' title='bbox 546 1681 751 1746; x_wconf 70' lang='lat' dir='ltr'><strong>Bambala</strong></span> <span class='ocrx_word' id='word_1_9' title='bbox 764 1677 853 1744; x_wconf 82' lang='lat' dir='ltr'><strong>Asiae</strong></span> <span class='ocrx_word' id='word_1_10' title='bbox 868 1682 919 1744; x_wconf 88' lang='lat' dir='ltr'><strong>est</strong></span> <span class='ocrx_word' id='word_1_11' title='bbox 933 1676 1102 1768; x_wconf 86' lang='lat' dir='ltr'><strong>pmvinoia</strong></span> <span class='ocrx_word' id='word_1_12' title='bbox 1117 1675 1153 1741; x_wconf 91' lang='lat' dir='ltr'><strong>in</strong></span> <span class='ocrx_word' id='word_1_13' title='bbox 1170 1675 1333 1755; x_wconf 79' lang='lat' dir='ltr'><strong>Obaldaea,</strong></span> <span class='ocrx_word' id='word_1_14' title='bbox 1344 1675 1436 1762; x_wconf 85' lang='lat' dir='ltr'><strong>eujus</strong></span> <span class='ocrx_word' id='word_1_15' title='bbox 1451 1677 1549 1761; x_wconf 86' lang='lat' dir='ltr'><strong>caput</strong></span> 
     </span>
    </p>
   </div>
   <div class='ocr_carea' id='block_1_4' title="bbox 361 1775 1547 1868">
    <p class='ocr_par' dir='ltr' id='par_1_4' title="bbox 361 1775 1547 1868">
     <span class='ocr_line' id='line_1_5' title="bbox 361 1775 1547 1868; baseline -0.008 -17"><span class='ocrx_word' id='word_1_16' title='bbox 361 1775 377 1808; x_wconf 82' lang='lat'><strong>¹²</strong></span> <span class='ocrx_word' id='word_1_17' title='bbox 500 1788 553 1850; x_wconf 84' lang='lat' dir='ltr'><strong>eet</strong></span> <span class='ocrx_word' id='word_1_18' title='bbox 574 1781 686 1849; x_wconf 88' lang='lat' dir='ltr'><strong>urbis¹</strong></span> <span class='ocrx_word' id='word_1_19' title='bbox 712 1781 870 1868; x_wconf 82' lang='lat' dir='ltr'><strong>Babylon,</strong></span> <span class='ocrx_word' id='word_1_20' title='bbox 887 1802 908 1845; x_wconf 90' lang='lat' dir='ltr'><strong>a</strong></span> <span class='ocrx_word' id='word_1_21' title='bbox 930 1779 1024 1866; x_wconf 79' lang='lat' dir='ltr'><strong>qua²</strong></span> <span class='ocrx_word' id='word_1_22' title='bbox 1046 1779 1136 1866; x_wconf 84' lang='lat' dir='ltr'><strong>regio</strong></span> <span class='ocrx_word' id='word_1_23' title='bbox 1158 1799 1279 1844; x_wconf 89' lang='lat' dir='ltr'><strong>nomen</strong></span> <span class='ocrx_word' id='word_1_24' title='bbox 1294 1778 1404 1843; x_wconf 84' lang='lat' dir='ltr'><strong>habet.</strong></span> <span class='ocrx_word' id='word_1_25' title='bbox 1451 1777 1547 1842; x_wconf 87' lang='lat' dir='ltr'><strong>Hane</strong></span> 
     </span>
    </p>
   </div>
   <div class='ocr_carea' id='block_1_5' title="bbox 500 1879 1556 4212">
    <p class='ocr_par' dir='ltr' id='par_1_5' title="bbox 500 1879 1548 2056">
     <span class='ocr_line' id='line_1_6' title="bbox 500 1879 1548 1974; baseline -0.008 -21"><span class='ocrx_word' id='word_1_26' title='bbox 500 1885 733 1974; x_wconf 68' lang='lat' dir='ltr'><strong>praeterfluunt</strong></span> <span class='ocrx_word' id='word_1_27' title='bbox 766 1883 874 1974; x_wconf 85' lang='lat' dir='ltr'><strong>Tigris</strong></span> <span class='ocrx_word' id='word_1_28' title='bbox 912 1887 947 1950; x_wconf 87' lang='lat' dir='ltr'><strong>et</strong></span> <span class='ocrx_word' id='word_1_29' title='bbox 980 1881 1175 1970; x_wconf 74' lang='lat' dir='ltr'><strong>Euphrates,</strong></span> <span class='ocrx_word' id='word_1_30' title='bbox 1210 1903 1284 1970; x_wconf 80' lang='lat' dir='ltr'><strong>qum</strong></span> <span class='ocrx_word' id='word_1_31' title='bbox 1319 1881 1361 1948; x_wconf 91' lang='lat' dir='ltr'><strong>de</strong></span> <span class='ocrx_word' id='word_1_32' title='bbox 1391 1879 1548 1946; x_wconf 85' lang='lat' dir='ltr'><strong>Paradiso</strong></span> 
     </span>
     <span class='ocr_line' id='line_1_7' title="bbox 500 1989 768 2056; baseline -0.015 -2"><span class='ocrx_word' id='word_1_33' title='bbox 500 1989 626 2056; x_wconf 87' lang='lat' dir='ltr'><strong>habent</strong></span> <span class='ocrx_word' id='word_1_34' title='bbox 648 1991 768 2053; x_wconf 88' lang='lat' dir='ltr'><strong>ortum.</strong></span> 
     </span>
    </p>

    <p class='ocr_par' dir='ltr' id='par_1_6' title="bbox 500 2085 1555 3806">
     <span class='ocr_line' id='line_1_8' title="bbox 547 2085 1549 2175; baseline -0.006 -20"><span class='ocrx_word' id='word_1_35' title='bbox 547 2091 609 2156; x_wconf 88' lang='lat' dir='ltr'><strong>Est</strong></span> <span class='ocrx_word' id='word_1_36' title='bbox 630 2093 742 2154; x_wconf 86' lang='lat' dir='ltr'><strong>autem</strong></span> <span class='ocrx_word' id='word_1_37' title='bbox 763 2087 856 2174; x_wconf 85' lang='lat' dir='ltr'><strong>regio</strong></span> <span class='ocrx_word' id='word_1_38' title='bbox 877 2085 1026 2152; x_wconf 89' lang='lat' dir='ltr'><strong>omnium</strong></span> <span class='ocrx_word' id='word_1_39' title='bbox 1049 2085 1183 2175; x_wconf 77' lang='lat' dir='ltr'><strong>frugum</strong></span> <span class='ocrx_word' id='word_1_40' title='bbox 1211 2089 1245 2152; x_wconf 89' lang='lat' dir='ltr'><strong>et</strong></span> <span class='ocrx_word' id='word_1_41' title='bbox 1267 2085 1435 2152; x_wconf 83' lang='lat' dir='ltr'><strong>fruetuum</strong></span> <span class='ocrx_word' id='word_1_42' title='bbox 1458 2085 1549 2150; x_wconf 88' lang='lat' dir='ltr'><strong>ferti-</strong></span> 
     </span>
     <span class='ocr_line' id='line_1_9' title="bbox 500 2187 1550 2270; baseline -0.009 -11"><span class='ocrx_word' id='word_1_43' title='bbox 500 2193 635 2270; x_wconf 87' lang='lat' dir='ltr'><strong>lissima,</strong></span> <span class='ocrx_word' id='word_1_44' title='bbox 672 2195 708 2256; x_wconf 91' lang='lat' dir='ltr'><strong>et</strong></span> <span class='ocrx_word' id='word_1_45' title='bbox 753 2188 902 2267; x_wconf 78' lang='lat' dir='ltr'><strong>vinifera,</strong></span> <span class='ocrx_word' id='word_1_46' title='bbox 942 2189 1129 2255; x_wconf 78' lang='lat' dir='ltr'><strong>aromaticis</strong></span> <span class='ocrx_word' id='word_1_47' title='bbox 1167 2187 1338 2254; x_wconf 79' lang='lat' dir='ltr'><strong>arboribus</strong></span> <span class='ocrx_word' id='word_1_48' title='bbox 1376 2192 1410 2253; x_wconf 90' lang='lat' dir='ltr'><strong>et</strong></span> <span class='ocrx_word' id='word_1_49' title='bbox 1440 2187 1550 2252; x_wconf 88' lang='lat' dir='ltr'><strong>herbis</strong></span> 
     </span>
     <span class='ocr_line' id='line_1_10' title="bbox 500 2291 1552 2382; baseline -0.005 -23"><span class='ocrx_word' id='word_1_50' title='bbox 500 2296 605 2382; x_wconf 91' lang='lat' dir='ltr'><strong>plena,</strong></span> <span class='ocrx_word' id='word_1_51' title='bbox 620 2313 832 2380; x_wconf 85' lang='lat' dir='ltr'><strong>gemmarum,</strong></span> <span class='ocrx_word' id='word_1_52' title='bbox 848 2291 1057 2356; x_wconf 86' lang='lat' dir='ltr'><strong>metallorum</strong></span> <span class='ocrx_word' id='word_1_53' title='bbox 1079 2297 1114 2357; x_wconf 93' lang='lat' dir='ltr'><strong>et</strong></span> <span class='ocrx_word' id='word_1_54' title='bbox 1136 2291 1237 2378; x_wconf 89' lang='lat' dir='ltr'><strong>oopiis</strong></span> <span class='ocrx_word' id='word_1_55' title='bbox 1260 2291 1431 2366; x_wconf 89' lang='lat' dir='ltr'><strong>ditissima,</strong></span> <span class='ocrx_word' id='word_1_56' title='bbox 1448 2311 1552 2355; x_wconf 89' lang='lat' dir='ltr'><strong>eame-</strong></span> 
     </span>
     <span class='ocr_line' id='line_1_11' title="bbox 501 2392 1551 2482; baseline -0.004 -20"><span class='ocrx_word' id='word_1_57' title='bbox 501 2397 550 2476; x_wconf 87' lang='lat' dir='ltr'><strong>lis,</strong></span> <span class='ocrx_word' id='word_1_58' title='bbox 574 2396 676 2482; x_wconf 87' lang='lat' dir='ltr'><strong>equis,</strong></span> <span class='ocrx_word' id='word_1_59' title='bbox 698 2393 808 2472; x_wconf 86' lang='lat' dir='ltr'><strong>asinis,</strong></span> <span class='ocrx_word' id='word_1_60' title='bbox 831 2398 866 2458; x_wconf 94' lang='lat' dir='ltr'><strong>et</strong></span> <span class='ocrx_word' id='word_1_61' title='bbox 889 2392 963 2459; x_wconf 86' lang='lat' dir='ltr'><strong>aliis</strong></span> <span class='ocrx_word' id='word_1_62' title='bbox 980 2393 1142 2479; x_wconf 86' lang='lat' dir='ltr'><strong>jumentis</strong></span> <span class='ocrx_word' id='word_1_63' title='bbox 1164 2393 1458 2472; x_wconf 85' lang='lat' dir='ltr'><strong>abundantissima,</strong></span> <span class='ocrx_word' id='word_1_64' title='bbox 1473 2393 1551 2458; x_wconf 86' lang='lat' dir='ltr'><strong>feris</strong></span> 
     </span>
     <span class='ocr_line' id='line_1_12' title="bbox 503 2493 1551 2582; baseline -0.004 -18"><span class='ocrx_word' id='word_1_65' title='bbox 503 2520 541 2564; x_wconf 88' lang='lat' dir='ltr'><strong>ao</strong></span> <span class='ocrx_word' id='word_1_66' title='bbox 563 2497 678 2564; x_wconf 85' lang='lat' dir='ltr'><strong>bestiis</strong></span> <span class='ocrx_word' id='word_1_67' title='bbox 704 2494 918 2560; x_wconf 79' lang='lat' dir='ltr'><strong>monstruosis</strong></span> <span class='ocrx_word' id='word_1_68' title='bbox 947 2495 1137 2582; x_wconf 87' lang='lat' dir='ltr'><strong>plenissima</strong></span> <span class='ocrx_word' id='word_1_69' title='bbox 1166 2495 1202 2560; x_wconf 91' lang='lat' dir='ltr'><strong>in</strong></span> <span class='ocrx_word' id='word_1_70' title='bbox 1233 2495 1370 2561; x_wconf 88' lang='lat' dir='ltr'><strong>desertis</strong></span> <span class='ocrx_word' id='word_1_71' title='bbox 1397 2493 1551 2560; x_wconf 86' lang='lat' dir='ltr'><strong>habitan·</strong></span> 
     </span>
     <span class='ocr_line' id='line_1_13' title="bbox 504 2595 1552 2684; baseline -0.002 -20"><span class='ocrx_word' id='word_1_72' title='bbox 504 2599 608 2664; x_wconf 88' lang='lat' dir='ltr'><strong>tibus.</strong></span> <span class='ocrx_word' id='word_1_73' title='bbox 654 2597 758 2684; x_wconf 77' lang='lat' dir='ltr'><strong>Cujus</strong></span> <span class='ocrx_word' id='word_1_74' title='bbox 781 2595 973 2683; x_wconf 75' lang='lat' dir='ltr'><strong>metropolis</strong></span> <span class='ocrx_word' id='word_1_75' title='bbox 990 2597 1158 2682; x_wconf 90' lang='lat' dir='ltr'><strong>quondam</strong></span> <span class='ocrx_word' id='word_1_76' title='bbox 1181 2595 1271 2662; x_wconf 88' lang='lat' dir='ltr'><strong>diota</strong></span> <span class='ocrx_word' id='word_1_77' title='bbox 1300 2597 1366 2662; x_wconf 82' lang='lat' dir='ltr'><strong>fuit</strong></span> <span class='ocrx_word' id='word_1_78' title='bbox 1390 2595 1552 2684; x_wconf 86' lang='lat' dir='ltr'><strong>Babylon,</strong></span> 
     </span>
     <span class='ocr_line' id='line_1_14' title="bbox 503 2697 1551 2786; baseline -0.003 -19"><span class='ocrx_word' id='word_1_79' title='bbox 503 2703 539 2767; x_wconf 91' lang='lat' dir='ltr'><strong>id</strong></span> <span class='ocrx_word' id='word_1_80' title='bbox 562 2705 619 2778; x_wconf 87' lang='lat' dir='ltr'><strong>est,</strong></span> <span class='ocrx_word' id='word_1_81' title='bbox 644 2699 800 2778; x_wconf 81' lang='lat' dir='ltr'><strong>confusio,</strong></span> <span class='ocrx_word' id='word_1_82' title='bbox 816 2720 855 2764; x_wconf 89' lang='lat' dir='ltr'><strong>eo</strong></span> <span class='ocrx_word' id='word_1_83' title='bbox 877 2698 966 2784; x_wconf 91' lang='lat' dir='ltr'><strong>quod</strong></span> <span class='ocrx_word' id='word_1_84' title='bbox 988 2697 1059 2762; x_wconf 80' lang='lat' dir='ltr'><strong>ibi³</strong></span> <span class='ocrx_word' id='word_1_85' title='bbox 1082 2699 1197 2786; x_wconf 82' lang='lat' dir='ltr'><strong>lingua</strong></span> <span class='ocrx_word' id='word_1_86' title='bbox 1221 2699 1459 2766; x_wconf 80' lang='lat' dir='ltr'><strong>mdifioantium</strong></span> <span class='ocrx_word' id='word_1_87' title='bbox 1481 2703 1551 2764; x_wconf 90' lang='lat' dir='ltr'><strong>tur-</strong></span> 
     </span>
     <span class='ocr_line' id='line_1_15' title="bbox 502 2799 1552 2888; baseline -0.003 -19"><span class='ocrx_word' id='word_1_88' title='bbox 502 2805 567 2869; x_wconf 90' lang='lat' dir='ltr'><strong>rim</strong></span> <span class='ocrx_word' id='word_1_89' title='bbox 591 2801 695 2868; x_wconf 85' lang='lat' dir='ltr'><strong>Babel</strong></span> <span class='ocrx_word' id='word_1_90' title='bbox 717 2806 768 2867; x_wconf 84' lang='lat' dir='ltr'><strong>est</strong></span> <span class='ocrx_word' id='word_1_91' title='bbox 794 2799 937 2880; x_wconf 71' lang='lat' dir='ltr'><strong>contusa,</strong></span> <span class='ocrx_word' id='word_1_92' title='bbox 962 2799 1099 2866; x_wconf 86' lang='lat' dir='ltr'><strong>Genesis</strong></span> <span class='ocrx_word' id='word_1_93' title='bbox 1121 2818 1178 2880; x_wconf 85' lang='lat' dir='ltr'>x1.‚</span> <span class='ocrx_word' id='word_1_94' title='bbox 1205 2802 1264 2887; x_wconf 90' lang='lat' dir='ltr'><strong>qui</strong></span> <span class='ocrx_word' id='word_1_95' title='bbox 1286 2801 1552 2888; x_wconf 83' lang='lat' dir='ltr'><strong>magnitudinem</strong></span> 
     </span>
     <span class='ocr_line' id='line_1_16' title="bbox 502 2901 1552 2990; baseline -0.002 -20"><span class='ocrx_word' id='word_1_96' title='bbox 502 2906 573 2990; x_wconf 91' lang='lat' dir='ltr'><strong>ejus</strong></span> <span class='ocrx_word' id='word_1_97' title='bbox 596 2902 759 2969; x_wconf 81' lang='lat' dir='ltr'><strong>describit</strong></span> <span class='ocrx_word' id='word_1_98' title='bbox 799 2901 1025 2989; x_wconf 86' lang='lat' dir='ltr'><strong>Hieronymus</strong></span> <span class='ocrx_word' id='word_1_99' title='bbox 1047 2923 1145 2990; x_wconf 87' lang='lat' dir='ltr'><strong>super</strong></span> <span class='ocrx_word' id='word_1_100' title='bbox 1169 2903 1293 2968; x_wconf 88' lang='lat' dir='ltr'><strong>Ieaiam</strong></span> <span class='ocrx_word' id='word_1_101' title='bbox 1317 2921 1374 2984; x_wconf 73' lang='lat' dir='ltr'><strong>xa,</strong></span> <span class='ocrx_word' id='word_1_102' title='bbox 1391 2903 1552 2990; x_wconf 88' lang='lat' dir='ltr'><strong>Babylon,</strong></span> 
     </span>
     <span class='ocr_line' id='line_1_17' title="bbox 505 3004 1552 3093; baseline -0.001 -23"><span class='ocrx_word' id='word_1_103' title='bbox 505 3006 625 3093; x_wconf 90' lang='lat' dir='ltr'><strong>inquit,</strong></span> <span class='ocrx_word' id='word_1_104' title='bbox 660 3009 711 3070; x_wconf 88' lang='lat' dir='ltr'><strong>eet</strong></span> <span class='ocrx_word' id='word_1_105' title='bbox 743 3004 934 3090; x_wconf 87' lang='lat' dir='ltr'><strong>metropolis</strong></span> <span class='ocrx_word' id='word_1_106' title='bbox 957 3004 1199 3084; x_wconf 79' lang='lat' dir='ltr'><strong>Chaldaeorum,</strong></span> <span class='ocrx_word' id='word_1_107' title='bbox 1237 3006 1330 3091; x_wconf 85' lang='lat' dir='ltr'><strong>eujus</strong></span> <span class='ocrx_word' id='word_1_108' title='bbox 1361 3007 1449 3070; x_wconf 90' lang='lat' dir='ltr'><strong>muri</strong></span> <span class='ocrx_word' id='word_1_109' title='bbox 1481 3022 1552 3070; x_wconf 76' lang='lat' dir='ltr'><strong>xva</strong></span> 
     </span>
     <span class='ocr_line' id='line_1_18' title="bbox 501 3107 1554 3196; baseline 0 -24"><span class='ocrx_word' id='word_1_110' title='bbox 501 3109 594 3173; x_wconf 90' lang='lat' dir='ltr'><strong>milia</strong></span> <span class='ocrx_word' id='word_1_111' title='bbox 626 3128 780 3194; x_wconf 81' lang='lat' dir='ltr'><strong>passuum</strong></span> <span class='ocrx_word' id='word_1_112' title='bbox 811 3111 907 3170; x_wconf 89' lang='lat' dir='ltr'><strong>erant</strong></span> <span class='ocrx_word' id='word_1_113' title='bbox 938 3127 997 3193; x_wconf 88' lang='lat' dir='ltr'><strong>per</strong></span> <span class='ocrx_word' id='word_1_114' title='bbox 1018 3108 1180 3192; x_wconf 89' lang='lat' dir='ltr'><strong>quadrum</strong></span> <span class='ocrx_word' id='word_1_115' title='bbox 1203 3107 1273 3172; x_wconf 86' lang='lat' dir='ltr'><strong>ab⁴</strong></span> <span class='ocrx_word' id='word_1_116' title='bbox 1295 3109 1416 3196; x_wconf 85' lang='lat' dir='ltr'><strong>angulo</strong></span> <span class='ocrx_word' id='word_1_117' title='bbox 1438 3108 1474 3172; x_wconf 91' lang='lat' dir='ltr'><strong>in</strong></span> <span class='ocrx_word' id='word_1_118' title='bbox 1497 3129 1554 3173; x_wconf 89' lang='lat' dir='ltr'><strong>an-</strong></span> 
     </span>
     <span class='ocr_line' id='line_1_19' title="bbox 500 3207 1553 3298; baseline 0.001 -23"><span class='ocrx_word' id='word_1_119' title='bbox 500 3211 625 3298; x_wconf 81' lang='lat' dir='ltr'><strong>gulum,</strong></span> <span class='ocrx_word' id='word_1_120' title='bbox 642 3231 716 3296; x_wconf 86' lang='lat' dir='ltr'><strong>quae</strong></span> <span class='ocrx_word' id='word_1_121' title='bbox 738 3213 789 3274; x_wconf 88' lang='lat' dir='ltr'><strong>est</strong></span> <span class='ocrx_word' id='word_1_122' title='bbox 810 3207 910 3273; x_wconf 91' lang='lat' dir='ltr'><strong>simul</strong></span> <span class='ocrx_word' id='word_1_123' title='bbox 932 3225 1047 3275; x_wconf 78' lang='lat' dir='ltr'><strong>xn1111.</strong></span> <span class='ocrx_word' id='word_1_124' title='bbox 1094 3208 1234 3275; x_wconf 89' lang='lat' dir='ltr'><strong>Duabus</strong></span> <span class='ocrx_word' id='word_1_125' title='bbox 1251 3210 1352 3276; x_wconf 82' lang='lat' dir='ltr'><strong>leucis</strong></span> <span class='ocrx_word' id='word_1_126' title='bbox 1367 3215 1402 3276; x_wconf 90' lang='lat' dir='ltr'><strong>et</strong></span> <span class='ocrx_word' id='word_1_127' title='bbox 1425 3209 1553 3276; x_wconf 91' lang='lat' dir='ltr'><strong>duabus</strong></span> 
     </span>
     <span class='ocr_line' id='line_1_20' title="bbox 501 3309 1554 3401; baseline -0.002 -23"><span class='ocrx_word' id='word_1_128' title='bbox 501 3313 653 3401; x_wconf 87' lang='lat' dir='ltr'><strong>partibus</strong></span> <span class='ocrx_word' id='word_1_129' title='bbox 674 3312 775 3376; x_wconf 89' lang='lat' dir='ltr'><strong>unius</strong></span> <span class='ocrx_word' id='word_1_130' title='bbox 797 3310 900 3376; x_wconf 83' lang='lat' dir='ltr'><strong>leuoae</strong></span> <span class='ocrx_word' id='word_1_131' title='bbox 922 3309 1010 3376; x_wconf 91' lang='lat' dir='ltr'><strong>muri</strong></span> <span class='ocrx_word' id='word_1_132' title='bbox 1032 3310 1069 3376; x_wconf 90' lang='lat' dir='ltr'><strong>in</strong></span> <span class='ocrx_word' id='word_1_133' title='bbox 1092 3311 1198 3378; x_wconf 89' lang='lat' dir='ltr'><strong>altum</strong></span> <span class='ocrx_word' id='word_1_134' title='bbox 1219 3311 1452 3378; x_wconf 86' lang='lat' dir='ltr'><strong>tendebantur.</strong></span> <span class='ocrx_word' id='word_1_135' title='bbox 1499 3312 1554 3377; x_wconf 91' lang='lat' dir='ltr'><strong>Ibi</strong></span> 
     </span>
     <span class='ocr_line' id='line_1_21' title="bbox 503 3411 1555 3499; baseline -0.003 -15"><span class='ocrx_word' id='word_1_136' title='bbox 503 3421 576 3484; x_wconf 90' lang='lat' dir='ltr'><strong>erat</strong></span> <span class='ocrx_word' id='word_1_137' title='bbox 597 3413 699 3480; x_wconf 85' lang='lat' dir='ltr'><strong>turris</strong></span> <span class='ocrx_word' id='word_1_138' title='bbox 721 3411 824 3478; x_wconf 83' lang='lat' dir='ltr'><strong>trium</strong></span> <span class='ocrx_word' id='word_1_139' title='bbox 846 3411 978 3477; x_wconf 90' lang='lat' dir='ltr'><strong>milium</strong></span> <span class='ocrx_word' id='word_1_140' title='bbox 1000 3433 1155 3499; x_wconf 85' lang='lat' dir='ltr'><strong>passuum</strong></span> <span class='ocrx_word' id='word_1_141' title='bbox 1178 3413 1214 3478; x_wconf 93' lang='lat' dir='ltr'><strong>in</strong></span> <span class='ocrx_word' id='word_1_142' title='bbox 1241 3413 1430 3492; x_wconf 85' lang='lat' dir='ltr'><strong>altitudine,</strong></span> <span class='ocrx_word' id='word_1_143' title='bbox 1445 3413 1481 3479; x_wconf 93' lang='lat' dir='ltr'><strong>id</strong></span> <span class='ocrx_word' id='word_1_144' title='bbox 1504 3421 1555 3481; x_wconf 86' lang='lat' dir='ltr'><strong>eet</strong></span> 
     </span>
     <span class='ocr_line' id='line_1_22' title="bbox 503 3513 1554 3604; baseline -0.004 -18"><span class='ocrx_word' id='word_1_145' title='bbox 503 3520 643 3586; x_wconf 88' lang='lat' dir='ltr'><strong>duarum</strong></span> <span class='ocrx_word' id='word_1_146' title='bbox 674 3515 840 3581; x_wconf 84' lang='lat' dir='ltr'><strong>leueanrm</strong></span> <span class='ocrx_word' id='word_1_147' title='bbox 863 3535 885 3580; x_wconf 90' lang='lat' dir='ltr'><strong>a</strong></span> <span class='ocrx_word' id='word_1_148' title='bbox 906 3513 975 3580; x_wconf 90' lang='lat' dir='ltr'><strong>lato</strong></span> <span class='ocrx_word' id='word_1_149' title='bbox 1006 3514 1043 3578; x_wconf 93' lang='lat' dir='ltr'><strong>in</strong></span> <span class='ocrx_word' id='word_1_150' title='bbox 1071 3535 1182 3582; x_wconf 81' lang='lat' dir='ltr'><strong>eroum</strong></span> <span class='ocrx_word' id='word_1_151' title='bbox 1213 3519 1437 3604; x_wconf 79' lang='lat' dir='ltr'><strong>coangustata,</strong></span> <span class='ocrx_word' id='word_1_152' title='bbox 1461 3517 1554 3603; x_wconf 84' lang='lat' dir='ltr'><strong>cujus</strong></span> 
     </span>
     <span class='ocr_line' id='line_1_23' title="bbox 504 3615 1553 3700; baseline -0.002 -15"><span class='ocrx_word' id='word_1_153' title='bbox 504 3619 643 3685; x_wconf 87' lang='lat' dir='ltr'><strong>materia</strong></span> <span class='ocrx_word' id='word_1_154' title='bbox 663 3617 801 3682; x_wconf 80' lang='lat' dir='ltr'><strong>fironrnt</strong></span> <span class='ocrx_word' id='word_1_155' title='bbox 823 3615 942 3682; x_wconf 86' lang='lat' dir='ltr'><strong>lateres</strong></span> <span class='ocrx_word' id='word_1_156' title='bbox 964 3615 1048 3682; x_wconf 82' lang='lat' dir='ltr'><strong>ooeti</strong></span> <span class='ocrx_word' id='word_1_157' title='bbox 1070 3637 1113 3681; x_wconf 88' lang='lat' dir='ltr'><strong>ex</strong></span> <span class='ocrx_word' id='word_1_158' title='bbox 1135 3616 1300 3686; x_wconf 89' lang='lat' dir='ltr'><strong>bitumino</strong></span> <span class='ocrx_word' id='word_1_159' title='bbox 1322 3618 1553 3700; x_wconf 85' lang='lat' dir='ltr'><strong>indissolubili,</strong></span> 
     </span>
     <span class='ocr_line' id='line_1_24' title="bbox 504 3717 1261 3806; baseline 0 -20"><span class='ocrx_word' id='word_1_160' title='bbox 504 3721 594 3786; x_wconf 89' lang='lat' dir='ltr'><strong>unde</strong></span> <span class='ocrx_word' id='word_1_161' title='bbox 615 3741 675 3784; x_wconf 88' lang='lat' dir='ltr'><strong>nee</strong></span> <span class='ocrx_word' id='word_1_162' title='bbox 696 3719 772 3805; x_wconf 88' lang='lat' dir='ltr'><strong>igne</strong></span> <span class='ocrx_word' id='word_1_163' title='bbox 794 3738 855 3783; x_wconf 89' lang='lat' dir='ltr'><strong>neo</strong></span> <span class='ocrx_word' id='word_1_164' title='bbox 876 3739 963 3804; x_wconf 86' lang='lat' dir='ltr'><strong>aqua</strong></span> <span class='ocrx_word' id='word_1_165' title='bbox 984 3717 1121 3785; x_wconf 76' lang='lat' dir='ltr'><strong>dimolvi</strong></span> <span class='ocrx_word' id='word_1_166' title='bbox 1142 3722 1261 3806; x_wconf 85' lang='lat' dir='ltr'><strong>potest</strong></span> 
     </span>
    </p>

    <p class='ocr_par' dir='ltr' id='par_1_7' title="bbox 504 3815 1556 4212">
     <span class='ocr_line' id='line_1_25' title="bbox 552 3815 1552 3907; baseline 0.002 -23"><span class='ocrx_word' id='word_1_167' title='bbox 552 3821 607 3884; x_wconf 91' lang='lat' dir='ltr'><strong>Ibi</strong></span> <span class='ocrx_word' id='word_1_168' title='bbox 640 3815 848 3906; x_wconf 79' lang='lat' dir='ltr'><strong>imperabat⁶</strong></span> <span class='ocrx_word' id='word_1_169' title='bbox 870 3839 931 3884; x_wconf 87' lang='lat' dir='ltr'><strong>rex</strong></span> <span class='ocrx_word' id='word_1_170' title='bbox 962 3819 1219 3906; x_wconf 84' lang='lat' dir='ltr'><strong>potentissimus,</strong></span> <span class='ocrx_word' id='word_1_171' title='bbox 1244 3820 1371 3890; x_wconf 83' lang='lat' dir='ltr'><strong>scilieet</strong></span> <span class='ocrx_word' id='word_1_172' title='bbox 1395 3821 1552 3907; x_wconf 86' lang='lat' dir='ltr'><strong>Nabugo-</strong></span> 
     </span>
     <span class='ocr_line' id='line_1_26' title="bbox 504 3919 1556 4008; baseline -0.001 -19"><span class='ocrx_word' id='word_1_173' title='bbox 504 3924 655 3999; x_wconf 90' lang='lat' dir='ltr'><strong>donosor‚</strong></span> <span class='ocrx_word' id='word_1_174' title='bbox 677 3919 735 4006; x_wconf 92' lang='lat' dir='ltr'><strong>qui</strong></span> <span class='ocrx_word' id='word_1_175' title='bbox 766 3919 855 3984; x_wconf 87' lang='lat' dir='ltr'><strong>inter</strong></span> <span class='ocrx_word' id='word_1_176' title='bbox 883 3921 1019 3986; x_wconf 80' lang='lat' dir='ltr'><strong>eoeteras</strong></span> <span class='ocrx_word' id='word_1_177' title='bbox 1040 3921 1158 3986; x_wconf 86' lang='lat' dir='ltr'><strong>mundi</strong></span> <span class='ocrx_word' id='word_1_178' title='bbox 1180 3921 1331 3987; x_wconf 87' lang='lat' dir='ltr'><strong>nationes</strong></span> <span class='ocrx_word' id='word_1_179' title='bbox 1355 3944 1436 4008; x_wconf 87' lang='lat' dir='ltr'><strong>quas</strong></span> <span class='ocrx_word' id='word_1_180' title='bbox 1459 3921 1556 3990; x_wconf 86' lang='lat' dir='ltr'><strong>Chal-</strong></span> 
     </span>
     <span class='ocr_line' id='line_1_27' title="bbox 505 4019 1555 4111; baseline 0 -21"><span class='ocrx_word' id='word_1_181' title='bbox 505 4023 648 4090; x_wconf 85' lang='lat' dir='ltr'><strong>daeorum</strong></span> <span class='ocrx_word' id='word_1_182' title='bbox 671 4019 811 4107; x_wconf 78' lang='lat' dir='ltr'><strong>subjecit</strong></span> <span class='ocrx_word' id='word_1_183' title='bbox 833 4020 977 4106; x_wconf 91' lang='lat' dir='ltr'><strong>imperio,</strong></span> <span class='ocrx_word' id='word_1_184' title='bbox 1001 4021 1155 4089; x_wconf 79' lang='lat' dir='ltr'><strong>Judaeum</strong></span> <span class='ocrx_word' id='word_1_185' title='bbox 1186 4023 1372 4110; x_wconf 76' lang='lat' dir='ltr'><strong>captivavit</strong></span> <span class='ocrx_word' id='word_1_186' title='bbox 1390 4048 1399 4105; x_wconf 90' lang='lat'>;</span> <span class='ocrx_word' id='word_1_187' title='bbox 1421 4029 1555 4111; x_wconf 87' lang='lat' dir='ltr'><strong>propter</strong></span> 
     </span>
     <span class='ocr_line' id='line_1_28' title="bbox 505 4121 1556 4212; baseline 0.002 -23"><span class='ocrx_word' id='word_1_188' title='bbox 505 4125 595 4212; x_wconf 92' lang='lat' dir='ltr'><strong>quod</strong></span> <span class='ocrx_word' id='word_1_189' title='bbox 614 4122 765 4212; x_wconf 88' lang='lat' dir='ltr'><strong>Babylon</strong></span> <span class='ocrx_word' id='word_1_190' title='bbox 787 4121 849 4188; x_wconf 87' lang='lat' dir='ltr'><strong>sub</strong></span> <span class='ocrx_word' id='word_1_191' title='bbox 864 4121 1021 4188; x_wconf 75' lang='lat' dir='ltr'><strong>Baltasar</strong></span> <span class='ocrx_word' id='word_1_192' title='bbox 1042 4127 1164 4211; x_wconf 88' lang='lat' dir='ltr'><strong>nepote</strong></span> <span class='ocrx_word' id='word_1_193' title='bbox 1186 4145 1245 4192; x_wconf 87' lang='lat' dir='ltr'><strong>suo</strong></span> <span class='ocrx_word' id='word_1_194' title='bbox 1267 4145 1326 4212; x_wconf 88' lang='lat' dir='ltr'><strong>per</strong></span> <span class='ocrx_word' id='word_1_195' title='bbox 1350 4124 1499 4212; x_wconf 81' lang='lat' dir='ltr'><strong>Oyrum⁶</strong></span> <span class='ocrx_word' id='word_1_196' title='bbox 1520 4130 1556 4192; x_wconf 92' lang='lat' dir='ltr'><strong>et</strong></span> 
     </span>
    </p>
   </div>
   <div class='ocr_carea' id='block_1_6' title="bbox 1368 4331 1553 4340">
    <p class='ocr_par' dir='ltr' id='par_1_8' title="bbox 1368 4331 1553 4340">
     <span class='ocr_line' id='line_1_29' title="bbox 1368 4331 1553 4340; baseline 0 0"><span class='ocrx_word' id='word_1_197' title='bbox 1368 4331 1512 4340; x_wconf 75' lang='lat'><strong>--—-....</strong></span> <span class='ocrx_word' id='word_1_198' title='bbox 1527 4333 1553 4340; x_wconf 77' lang='grc'><strong>..-</strong></span> 
     </span>
    </p>
   </div>
   <div class='ocr_carea' id='block_1_7' title="bbox 535 4456 1555 4604">
    <p class='ocr_par' dir='ltr' id='par_1_9' title="bbox 535 4456 1555 4604">
     <span class='ocr_line' id='line_1_30' title="bbox 537 4456 1555 4528; baseline 0.003 -19"><span class='ocrx_word' id='word_1_199' title='bbox 537 4459 638 4525; x_wconf 72' lang='grc' dir='ltr'><strong>1ιινόἰε]</strong></span> <span class='ocrx_word' id='word_1_200' title='bbox 656 4459 725 4510; x_wconf 78' lang='lat' dir='ltr'><strong>urbs.</strong></span> <span class='ocrx_word' id='word_1_201' title='bbox 758 4456 824 4507; x_wconf 82' lang='lat' dir='ltr'><strong>BD.</strong></span> <span class='ocrx_word' id='word_1_202' title='bbox 1051 4461 1230 4528; x_wconf 78' lang='lat' dir='ltr'><strong>subsequently</strong></span> <span class='ocrx_word' id='word_1_203' title='bbox 1251 4470 1278 4514; x_wconf 86' lang='lat' dir='ltr'><strong>to</strong></span> <span class='ocrx_word' id='word_1_204' title='bbox 1300 4463 1343 4514; x_wconf 83' lang='lat' dir='ltr'><strong>the</strong></span> <span class='ocrx_word' id='word_1_205' title='bbox 1364 4469 1426 4524; x_wconf 79' lang='lat' dir='ltr'><strong>text,</strong></span> <span class='ocrx_word' id='word_1_206' title='bbox 1445 4463 1495 4514; x_wconf 83' lang='lat' dir='ltr'><strong>and</strong></span> <span class='ocrx_word' id='word_1_207' title='bbox 1511 4469 1555 4513; x_wconf 85' lang='lat' dir='ltr'><strong>not</strong></span> 
     </span>
     <span class='ocr_line' id='line_1_31' title="bbox 535 4535 1205 4604; baseline 0.003 -16"><span class='ocrx_word' id='word_1_208' title='bbox 535 4538 618 4604; x_wconf 60' lang='grc' dir='ltr'><strong>ΗΜ]</strong></span> <span class='ocrx_word' id='word_1_209' title='bbox 638 4553 694 4602; x_wconf 89' lang='lat' dir='ltr'><strong>quo.</strong></span> <span class='ocrx_word' id='word_1_210' title='bbox 727 4535 794 4586; x_wconf 83' lang='lat' dir='ltr'><strong>BD.</strong></span> <span class='ocrx_word' id='word_1_211' title='bbox 1050 4538 1205 4590; x_wconf 81' lang='lat' dir='ltr'><strong>underliued.</strong></span> 
     </span>
    </p>
   </div>
   <div class='ocr_carea' id='block_1_8' title="bbox 536 4615 1488 4760">
    <p class='ocr_par' dir='ltr' id='par_1_10' title="bbox 536 4615 1488 4760">
     <span class='ocr_line' id='line_1_32' title="bbox 536 4615 1488 4760; baseline -0.036 -13"><span class='ocrx_word' id='word_1_212' title='bbox 536 4615 775 4760; x_wconf 37' lang='lat' dir='ltr'><strong>:ssldd&#39;ssiine</strong></span> <span class='ocrx_word' id='word_1_213' title='bbox 786 4689 1007 4742; x_wconf 66' lang='lat' dir='ltr'><strong>autumemus</strong></span> <span class='ocrx_word' id='word_1_214' title='bbox 1084 4642 1253 4710; x_wconf 48' lang='lat' dir='ltr'><strong>‘mma</strong></span> <span class='ocrx_word' id='word_1_215' title='bbox 1272 4643 1386 4710; x_wconf 68' lang='lat' dir='ltr'><strong>imperat.</strong></span> <span class='ocrx_word' id='word_1_216' title='bbox 1423 4644 1488 4694; x_wconf 84' lang='lat' dir='ltr'><strong>BJ).</strong></span> 
     </span>
    </p>
   </div>
   <div class='ocr_carea' id='block_1_9' title="bbox 502 4759 1465 4842">
    <p class='ocr_par' dir='ltr' id='par_1_11' title="bbox 502 4759 1465 4842">
     <span class='ocr_line' id='line_1_33' title="bbox 502 4759 1465 4842; baseline -0.004 -12"><span class='ocrx_word' id='word_1_217' title='bbox 502 4769 1006 4838; x_wconf 70' lang='lat' dir='ltr'><strong>muelmmarg.an.1narnitun</strong></span> <span class='ocrx_word' id='word_1_218' title='bbox 1084 4759 1213 4828; x_wconf 65' lang='lat' dir='ltr'><strong>&#39;OrwmI</strong></span> <span class='ocrx_word' id='word_1_219' title='bbox 1232 4760 1338 4826; x_wconf 67' lang='lat' dir='ltr'><strong>ryme.</strong></span> <span class='ocrx_word' id='word_1_220' title='bbox 1373 4761 1413 4826; x_wconf 73' lang='lat' dir='ltr'><strong>a·</strong></span> <span class='ocrx_word' id='word_1_221' title='bbox 1461 4839 1465 4842; x_wconf 43' lang='grc'><strong>,</strong></span> 
     </span>
    </p>
   </div>
   <div class='ocr_carea' id='block_1_10' title="bbox 0 0 1851 5800">
    <p class='ocr_par' dir='ltr' id='par_1_12' title="bbox 0 0 1851 5800">
     <span class='ocr_line' id='line_1_34' title="bbox 0 0 1851 5800; baseline 0 0"><span class='ocrx_word' id='word_1_222' title='bbox 0 0 1851 5800; x_wconf 95' lang='lat' dir='ltr'><strong> </strong></span> 
     </span>
    </p>
   </div>
  </div>
 </body>
</html>
