3674 5800
595 853 780 904 uusooruu
809 848 1057 902 ursuorunruu.
1298 829 1339 906 71

291 1027 429 1094 minime
458 1049 535 1115 pers
565 1027 681 1094 Italiae.
736 1026 843 1092 Rome
871 1026 979 1112 primo
1001 1045 1122 1089 nomen
1151 1022 1296 1110 aceepit¹
1321 1045 1342 1087 e
1355 1037 1490 1094 ossone.

290 1129 444 1208 Saturno,
460 1131 548 1196 uude
569 1129 729 1197 Satmnia
754 1129 844 1196 dieta
862 1133 933 1210 est;
953 1149 974 1192 a
989 1127 1110 1193 Latino
1129 1147 1205 1213 rege
1228 1129 1342 1212 postea

289 1232 400 1298 vocati
429 1237 510 1298 sumt
540 1233 662 1313 latini,
692 1237 727 1299 et
757 1232 824 1298 fuit
852 1253 913 1296 rex
941 1227 1057 1296 Iteliae.
1107 1229 1209 1296 Ultra
1231 1227 1341 1294 voeati

289 1339 369 1402 sunt
393 1335 535 1402 Romani
564 1357 586 1401 a
615 1335 719 1402 Remo
748 1339 783 1401 et
813 1333 964 1412 Romulo,
995 1333 1062 1411 sed,
1094 1331 1199 1398 Remo
1229 1331 1340 1409 oeciso,

290 1437 450 1504 Romulus
472 1439 585 1504 tenuit
607 1438 840 1525 principatum,
867 1461 889 1502 a
914 1457 979 1524 quo
999 1440 1114 1522 postes
1134 1435 1244 1501 vocati
1262 1438 1343 1500 sunt

290 1539 438 1607 Romani.
485 1541 629 1608 Romulo
652 1546 813 1628 regnante
841 1562 899 1627 per
923 1538 1046 1628 longe²
1061 1544 1215 1626 tempore,
1233 1560 1254 1602 a
1280 1535 1342 1605 Sa·

289 1641 377 1708 binis
399 1643 511 1710 vooeti
540 1648 621 1709 sunt
644 1642 785 1708 Romani
812 1642 967 1723 Quirites,
998 1643 1151 1727 eoquod
1181 1641 1342 1707 Romulus

287 1767 416 1832 semper
438 1767 515 1812 eum
534 1745 632 1812 hasta
654 1745 833 1830 equitabat,
849 1767 928 1810 nam
945 1743 1059 1832 lingna
1079 1743 1205 1811 Sabine
1226 1741 1342 1832 quiris

287 1847 418 1914 hastam
447 1853 555 1914 sonet.
612 1847 721 1916 Italus
751 1869 880 1934 quoque
909 1853 944 1914 et
974 1847 1117 1914 Sabinus
1140 1853 1174 1914 et
1205 1848 1342 1914 Sieenus

285 1949 408 2016 fratres
426 1949 569 2028 buerunt,
586 1971 629 2016 ex
650 1949 771 2036 quibus
792 1950 927 2015 nomina
948 1951 1078 2038 populis
1102 1955 1136 2016 et
1155 1951 1343 2038 regionibus

286 2052 445 2139 imposita
466 2057 568 2132 sunt;
589 2074 668 2118 nam
699 2053 743 2117 ab
766 2051 855 2118 Italo
887 2053 997 2134 Italia,
1020 2075 1042 2118 e
1071 2052 1194 2120 Sabino
1224 2052 1341 2134 saber,

286 2177 308 2220 a
338 2153 459 2220 Sicano
486 2154 620 2234 Sicanii,
647 2153 832 2222 Sicilienses
862 2154 943 2221 dieti
968 2159 1054 2223 sunt
1101 2153 1243 2220 Romani
1264 2177 1343 2222 vero

287 2257 418 2344 imperii
448 2257 503 2324 vel
532 2257 643 2343 gentis
673 2257 858 2345 probitates
888 2258 1031 2324 emamus
1061 2258 1242 2326 describere
1276 2281 1342 2326 non

289 2359 409 2428 suffieit
431 2361 475 2426 ad
501 2359 642 2448 plenum.

707 2648 786 2716 Gir.
805 2649 941 2716 LXXX.

695 2837 746 2904 De
767 2836 952 2904 Rooeonio.

337 3023 506 3089 Remum
543 3025 663 3092 dieitur
705 3025 926 3094 Romanorum
971 3051 1052 3115 gene
1098 3051 1248 3096 noverea
1290 3031 1344 3097 vel
1359 3017 1500 3100 olm·

292 3148 385 3193 nova.
430 3129 487 3193 Ab
518 3149 556 3193 eo
588 3129 678 3195 enim
701 3133 849 3216 tempore
876 3153 941 3217 quo
969 3132 1208 3199 Constantinus
1234 3133 1344 3200 sedem
1355 3101 1407 3138 m

292 3229 422 3318 imperii
444 3232 487 3297 ml
510 3231 832 3320 Constantinopolim
858 3233 1011 3300 Τυιοὶεθ8
1036 3235 1152 3300 urbem
1176 3235 1217 3301 de
1240 3236 1347 3300 Roma

293 3334 475 3414 transtullt,
516 3334 624 3401 omnis
659 3334 848 3402 Graecorum
885 3337 976 3423 regio
1014 3336 1184 3416 Romania,
1217 3337 1253 3403 id
1287 3344 1346 3418 est,

294 3436 393 3502 Nova
433 3437 539 3504 Rome
571 3441 689 3506 veeste
725 3440 798 3518 fuit,
829 3444 869 3506 ut
906 3440 989 3506 dieit
1026 3440 1183 3506 Rabanus
1195 3465 1205 3523 ;
1250 3439 1348 3508 ideo⁴

293 3539 476 3626 vulgariter
508 3539 614 3608 Graeci
652 3563 719 3607 non
757 3564 792 3608 se
831 3542 961 3608 Graeeos
991 3547 1111 3610 voeant
1141 3542 1198 3610 sed
1228 3543 1348 3609 Rome-

293 3642 445 3708 nieeuses.

696 3923 774 3992 Otr.
800 3925 956 3994 LXXXI.

714 4109 766 4176 Da
787 4107 934 4176 Boemia.

340 4295 480 4362 Boms
508 4317 584 4384 pars
614 4299 666 4362 est
695 4294 825 4365 Messias
853 4297 890 4362 in
926 4297 1024 4386 plage
1054 4297 1217 4365 Orientali
1248 4299 1351 4386 juxta
1366 4312 1493 4394 otbehe·

298 4397 508 4464 Germaniam
531 4398 639 4487 posita
660 4399 696 4464 in
723 4399 863 4488 Europa,
889 4422 964 4486 quae
987 4423 1008 4466 a
1029 4401 1199 4469 montibus
1221 4401 1350 4492 magnis
1362 4397 1421 4434 ”¹¹³⁴

296 4648 568 4777 B‘Pn'murnnorueu
581 4651 799 4719 Romeednmarg.
884 4652 1018 4720 'Tarcioe]
1037 4651 1143 4705 Traeim
1177 4652 1207 4702 B.

320 4764 327 4779 ⁸
351 4806 436 4875 lesa]
449 4809 535 4862 mus
553 4809 618 4862 no.
886 4808 973 4876 ήκω]
991 4807 1040 4860 us.
1074 4809 1104 4858 a.

383 4903 459 4955 VOL.
474 4906 510 4956 11.
1100 4903 1122 4956 p,
1144 4889 1220 4952 44-
