3590 5844
577 899 759 952 nunooruu
782 899 1032 955 nrsronmsou,
1263 881 1332 954 373

284 1073 364 1152 nos,l
397 1093 472 1160 quae
513 1074 659 1162 patriam
705 1097 806 1162 quam
853 1075 978 1141 videtis
1022 1073 1177 1140 omnibus
1209 1073 1331 1138 vicinis

282 1175 493 1246 adversatam
517 1177 661 1244 viriliter
682 1177 823 1244 luetur.2

329 1277 508 1364 Postquam
533 1285 648 1346 cutem
671 1279 723 1345 his
746 1284 780 1345 et
802 1278 877 1346 eliis
891 1279 993 1346 finem
1015 1279 1148 1346 dicendi
1170 1279 1251 1346 feeit
1273 1277 1333 1342 cli·

284 1380 483 1466 quantulum
514 1382 755 1449 verecundatus
779 1381 953 1450 Oedwallo
976 1383 1013 1447 in
1045 1381 1134 1448 hunc
1165 1379 1333 1448 verbuml

284 1484 476 1570 respondit:
511 1484 631 1550 Grates
654 1484 868 1550 multimodas
904 1483 970 1550 tibi
1002 1505 1072 1571 age,
1096 1505 1166 1561 rex,
1199 1483 1334 1572 regibus

286 1586 395 1652 atavis
425 1587 523 1666 edite,
548 1587 628 1672 quia
650 1587 814 1653 auxilium
836 1586 919 1652 mihi
943 1587 1111 1674 promittis
1134 1592 1173 1653 ut
1195 1608 1334 1674 regnum

286 1709 397 1756 meum
430 1711 627 1776 recuperem.
674 1690 750 1756 Hoc
776 1689 866 1754 enim
901 1687 990 1775 quod
1022 1689 1154 1756 dicebas
1186 1687 1336 1756 mirum⁴

287 1811 356 1856 esse
378 1796 511 1878 gentem
534 1797 684 1858 nostram
706 1813 774 1857 non
797 1812 942 1860 servasse
966 1811 1104 1856 avorum
1126 1791 1335 1880 dignitatem,

287 1897 461 1979 postquam
484 1893 638 1960 Britones
660 1894 703 1959 ad
726 1893 914 1981 provincias
938 1899 1111 1975 venerunt,
1127 1915 1337 1981 nequaquam

287 1995 518 2061 admirandum
546 2017 668 2062 censeo.

333 2096 519 2164 Nobiliores
542 2119 645 2164 menn
668 2097 771 2164 totius
793 2097 887 2186 regni
908 2099 1082 2185 praedictos
1109 2097 1208 2166 duces
1233 2099 1338 2166 secuti

289 2200 425 2266 fuerunt
453 2205 487 2266 et
513 2200 674 2288 ignobiles
704 2206 941 2280 remanserunt,
973 2201 1032 2286 qui
1060 2201 1207 2288 ipsorum
1240 2200 1340 2288 potiti

289 2308 369 2368 sunt
398 2302 585 2370 honoribus.
633 2303 699 2384 Qui
730 2323 805 2368 cum
843 2302 950 2368 vicem
988 2303 1154 2370 nobilium
1191 2304 1340 2370 obtinere

292 2405 468 2493 coepissent
498 2405 692 2471 extulerunt
717 2402 777 2471 se⁶
808 2409 1001 2492 arroganter
1023 2405 1113 2472 ultra
1139 2428 1238 2492 quam
1269 2406 1339 2493 dig-

291 2509 380 2574 nitus
410 2507 592 2594 expetebat
627 2513 662 2574 et
693 2507 735 2573 ob
765 2506 969 2574 affluentiam
1000 2507 1193 2574 divitiarum
1232 2531 1342 2596 super·

290 2609 356 2674 hiri
378 2607 577 2697 ⁶coeperune
599 2615 635 2676 eh
665 2606 776 2674 tenti⁷
806 2608 1014 2676 fornicationi
1039 2609 1210 2698 indulgere
1237 2611 1343 2696 qualis

291 2711 379 2777 inter
423 2717 539 2799 gentes
568 2711 660 2799 prius
700 2711 816 2778 audita
854 2732 922 2776 non
967 2718 1025 2788 est,
1068 2719 1103 2778 et
1143 2719 1183 2778 ut
1229 2712 1344 2778 Gildes
1377 2747 1379 2754 ⁴

291 2813 573 2902 historiographus
616 2818 768 2894 testatur,
795 2834 863 2878 non
906 2813 1011 2878 solum
1048 2813 1109 2879 hoc
1134 2814 1256 2879 vitium
1286 2815 1344 2880 sed

293 2917 403 2982 omnia
444 2937 518 3003 quae
548 2915 702 2982 humanae
741 2922 871 2982 naturae
911 2915 1057 2982 accidere
1098 2915 1253 3004 possent.⁸
1299 2917 1346 2983 Et

294 3019 457 3106 praecipue
478 3018 568 3104 quod
588 3018 691 3082 totius
713 3017 792 3082 boni
818 3017 941 3082 evertit
971 3022 1107 3100 statum,
1123 3019 1237 3084 odium
1260 3020 1346 3088 veri-

295 3121 376 3186 tatis
405 3141 480 3186 cum
495 3119 713 3185 assertoribus
743 3119 819 3198 suis,
836 3141 929 3184 amor
958 3119 1123 3186 mendacii
1149 3143 1224 3188 cum
1249 3121 1350 3192 fabri·

297 3222 465 3290 caloribus
503 3221 580 3301 suis,
623 3219 812 3307 suscepti0⁹
834 3221 914 3288 mali
953 3243 1013 3309 pro
1042 3222 1139 3306 bono,
1178 3227 1348 3292 veneratio

296 3325 455 3412 nequitiae
485 3346 544 3412 pro
579 3323 742 3402 bonitate,
772 3329 910 3411 excepto
946 3324 1097 3392 Sathena
1128 3349 1189 3414 pro
1219 3327 1348 3416 Angelo

440 3542 463 3548 -.
471 3541 666 3548 --—.--.—---.-
674 3540 1041 3550 mu-—nm—m—

334 3705 409 3773 ¹ran]
428 3721 480 3756 ros.
514 3705 578 3756 B.D.
847 3713 946 3772 propter
964 3707 1097 3772 luxuriam,
1107 3707 1216 3775 perjuria
1232 3709 1257 3763 e't
1273 3709 1352 3765 malo's

330 3785 444 3852 'tholad
463 3791 568 3835 tuemur.
602 3783 635 3834 D.
847 3788 1033 3852 mompopuli.
1068 3789 1124 3840 Τὴε
1135 3790 1183 3840 lest
1192 3791 1306 3842 addition
1324 3793 1352 3842 in

333 3863 461 3930 'wbanj
480 3865 589 3913 modum.
624 3863 658 3913 l).
848 3865 891 3916 the
902 3865 970 3916 hand
982 3868 1026 3931 (β)
1038 3866 1058 3918 is
1069 3869 1204 3920 continued
1222 3869 1290 3920 from
1309 3871 1352 3922 the

333 3942 452 4008 ἥκω]
470 3941 569 3992 miram.
604 3942 636 3992 B.
848 3945 943 3994 bonon
965 3945 996 3995 ol
1018 3947 1062 3998 the
1089 3949 1225 4016 preceding
1251 3950 1353 4002 column

333 4021 392 4088 ἐι]
411 4037 460 4072 onr.
488 4021 519 4070 B.
549 4019 804 4088 DestructioAngliae
849 4021 920 4073 below
931 4024 989 4084 this.
1002 4027 1354 4093 provingthattheadditions

300 4100 426 4168 percitis„
439 4100 467 4150 in
478 4115 557 4166 marg.
585 4099 616 4150 B.
650 4100 689 4150 At
698 4101 741 4152 the
752 4101 806 4152 root
849 4102 876 4152 in
893 4102 936 4154 the
955 4105 1024 4154 hand
1042 4106 1087 4170 (β)
1105 4123 1169 4158 ποτε
1193 4110 1267 4160 mede
1289 4110 1355 4160 aller

299 4183 330 4233 ol
342 4182 398 4232 that
409 4179 508 4230 column
528 4177 558 4229 of
570 4179 601 4229 Β,
613 4178 640 4228 in
651 4175 735 4230 which
753 4179 805 4230 this
849 4179 920 4230 those
931 4179 958 4229 in
970 4181 1012 4231 the
1023 4180 1115 4246 hand(
1134 4185 1154 4249 ).

289 4267 359 4314 ,note
367 4275 455 4312 occurs
466 4261 517 4310 end
527 4259 596 4310 close
607 4267 633 4310 to
645 4259 687 4310 the
698 4266 753 4311 text
764 4275 806 4310 are
883 4271 1038 4341 tuperhsn]
1058 4276 1193 4340 superbire,
1226 4278 1292 4330 BJ),

300 4338 808 4479 acrostichon
885 4379 981 4446 ’aaa

305 4499 408 4550 Gildem
426 4503 452 4547 et
470 4495 638 4548 willielmum
655 4496 808 4548 Malmesbn·
852 4473 932 4525 ΜΨ
944 4460 977 4512 D·

303 4577 422 4639 riensem,
443 4575 493 4627 luit
512 4583 613 4641 propter
629 4576 763 4628 avaritiam
785 4584 811 4628 et
886 4565 1015 4631 'lmmll
1034 4565 1127 4618 Added
1138 4569 1240 4634 beyond
1250 4569 1292 4620 the
1307 4569 1357 4622 end

302 4656 417 4721 rapinam
435 4655 583 4720 principum,
603 4664 704 4721 propter
719 4655 810 4722 iniqui.
855 4643 1356 4710 ⁰s³ll¹¹⁶l¹¹A·l>0⁶¹1¹fltexcerouer·unt.

303 4733 813 4802 lstsmetiujurtifismjrrdicnm,propter
855 4723 889 4776 D·

303 4813 425 4872 duilium
436 4815 621 4880 predicationis
631 4815 812 4882 episcoporum,
888 4817 1041 4886 'suceptffl
1060 4828 1193 4887 susceptor.
1215 4821 1247 4880 Β,
