3590 5844
603 862 785 913 numerum
808 861 1058 912 mercarentur.
1282 847 1348 912 313

296 1039 361 1108 viri
384 1036 572 1125 bila[ra]ti,¹
596 1036 770 1103 festinavit
791 1035 928 1122 quisque
950 1056 1078 1100 armare
1101 1055 1143 1100 se.
1190 1033 1267 1120 Ipse
1289 1055 1347 1098 au·
1359 1041 1415 1092 ‘Ine
1426 1041 1487 1094 His·

297 1148 366 1207 tem
388 1141 555 1206 Arthurus
577 1141 679 1206 lorica
701 1143 796 1205 tanto
818 1159 894 1225 rege
917 1137 1020 1225 digna
1042 1136 1188 1214 indutus,
1212 1157 1347 1200 auream
1359 1109 1458 1240 tfflff

297 1245 425 1331 galeam
456 1242 629 1308 simulacro
663 1241 813 1308 diacoma
843 1240 1042 1327 insculptam
1064 1239 1165 1326 capiti
1187 1239 1327 1324 adaptat
1341 1261 1349 1318 ;
1362 1242 1469 1293 Anum.

298 1344 444 1412 humeris
476 1365 606 1432 quoque
628 1344 698 1410 suis
730 1341 905 1431 clypeum?
935 1341 1091 1407 nomine⁸
1115 1341 1288 1417 Prudwen,
1313 1340 1349 1404 in

300 1470 365 1534 quo
388 1447 499 1534 imago
522 1446 654 1513 Sanctae
677 1445 795 1510 Mariae
811 1445 875 1509 Dei
898 1443 1075 1510 Genitrieis
1097 1441 1279 1530 inpietam⁴
1300 1443 1350 1529 ip-

300 1571 371 1615 sam
407 1549 445 1616 in
481 1547 673 1614 memoriam
711 1546 889 1632 saepissime
926 1546 1110 1611 invocabat.
1172 1545 1351 1611 Accinctus

301 1651 402 1717 etiam
439 1650 552 1738 gladio
591 1648 740 1737 optimo‚⁵
777 1647 909 1718 nomine
942 1645 1145 1727 Ueliterno?
1176 1647 1212 1712 in
1243 1647 1351 1714 insula

300 1751 476 1818 Avellonis
506 1751 676 1830 fabricato,
700 1750 815 1816 lancea
845 1749 998 1816 dextram
1020 1771 1115 1816 suam
1137 1751 1271 1816 decorat
1292 1771 1351 1814 no-

300 1855 389 1920 mine
428 1853 525 1932 Ron;
563 1853 634 1919 baec
672 1856 744 1917 erat
781 1850 885 1917 ardua
921 1851 1015 1918 lata⁷
1052 1853 1167 1919 lancea
1204 1852 1351 1918 cladibus

301 1978 322 2021 a
345 1960 389 2022 ta

322 1978 475 2123 pDeinde
498 2053 667 2142 dispositis
690 2053 831 2120 catervis
858 2053 1006 2121 Saxones
1039 2079 1076 2122 m
1105 2077 1165 2122 suo
1196 2077 1287 2122 more
1316 2055 1353 2121 in

301 2183 421 2227 cuneos
450 2159 626 2247 dispositos
652 2157 810 2222 audacter
838 2157 970 2237 invasit,
994 2158 1059 2246 ipsi
1080 2164 1154 2224 tcta
1187 2159 1241 2225 die
1272 2158 1351 2224 viri-

302 2264 379 2328 liter
400 2261 597 2328 resistebant
619 2259 773 2324 Britones
795 2280 899 2346 usque
922 2261 1140 2348 insequentes.
1186 2261 1352 2348 Vergente

303 2365 440 2431 tandem
462 2363 505 2430 ad
526 2383 676 2430 occasum
698 2361 766 2428 sole
789 2361 978 2448 proximum
1001 2369 1244 2450 occupaverunt
1261 2385 1354 2428 mon·

302 2473 371 2533 tem
401 2488 461 2554 pro
491 2471 598 2531 castro
628 2486 705 2531 eum
734 2463 926 2530 habitaturi
983 2465 1201 2532 Multitudine
1230 2465 1355 2530 etenim

302 2569 462 2635 sociorum
500 2565 616 2633 confisi
645 2567 734 2632 solus
763 2588 858 2631 mons
883 2564 1051 2632 sufficere⁸
1081 2567 1278 2646 videbatur3
1317 2571 1355 2633 at

303 2670 367 2737 ut⁰
403 2674 556 2759 posterus
594 2669 644 2734 sol
685 2668 771 2734 diem
811 2667 956 2746 reduxit,
1002 2669 1150 2735 ascendit
1186 2669 1355 2736 Artburus

303 2796 378 2840 cum
401 2771 549 2840 exercitu
572 2792 632 2836 suo
655 2789 818 2846 cacumen,
842 2769 900 2835 sed
937 2770 974 2834 in
995 2771 1201 2839 ascendendo
1233 2772 1356 2838 multos

303 2895 438 2941 suorum
468 2871 589 2938 amisit.
600 2870 626 2910 ¹⁰
669 2870 842 2936 'Saxones
875 2893 1018 2960 namque
1055 2895 1097 2939 ex
1127 2873 1352 2940 summitate¹¹

304 2980 508 3044 occurrentes
518 2973 544 3012 ¹⁹
581 2973 710 3040 facilius
739 2975 878 3040 vulnera
907 2974 1112 3062 ingerebant,
1151 2977 1231 3043 dum
1267 2977 1356 3064 ipsos

304 3078 401 3144 citior
422 3099 537 3143 cursus
562 3076 600 3141 in
623 3077 783 3142 descensu
805 3079 918 3163 ageret
939 3099 1039 3162 quam
1062 3099 1117 3144 eos
1146 3079 1182 3144 in
1211 3100 1356 3145 ascensu.

306 3181 460 3246 Britones
496 3183 611 3244 tamen
648 3199 804 3243 cacumen
836 3179 983 3244 maxima
1018 3179 1055 3244 vi
1085 3181 1196 3267 adepti
1231 3181 1357 3246 dextris

304 3282 450 3348 hostium
472 3280 609 3346 dextras
631 3301 706 3345 suas
729 3277 901 3345 confestim
925 3279 1105 3361 confemnt,
1129 3282 1249 3368 quibus
1272 3282 1355 3348 Sax-

305 3405 384 3450 ones
406 3387 538 3470 pectora
557 3381 800 3468 praetendentes
815 3381 906 3446 omni
928 3383 1003 3448 nisu
1025 3384 1176 3450 resistere
1193 3385 1356 3450 nituntur.

352 3486 501 3571 Cumque
530 3485 674 3550 multum
707 3483 773 3549 diei
803 3483 841 3549 in
874 3483 962 3550 huno
993 3485 1127 3552 modum
1158 3487 1358 3574 praeterisset

305 3588 499 3674 indignatus
528 3591 580 3651 est
609 3585 787 3666 Artburus,
810 3585 890 3673 ipsis
912 3587 962 3653 ita
990 3588 1177 3654 successisse
1205 3610 1265 3654 nec
1294 3588 1358 3654 sibi

305 3689 480 3756 victoriam
505 3686 672 3754 advenire.
727 3687 909 3755 Abstracto
935 3710 1012 3779 ergo
1044 3690 1224 3758 Oulibumo
1246 3691 1356 3778 gladio

306 3813 427 3858 nomen
468 3790 601 3858 Sanctae
641 3789 758 3856 Mariae
790 3790 971 3877 proclamat
1002 3797 1037 3858 et
1066 3815 1135 3859 sese
1164 3795 1201 3860 in
1231 3794 1358 3880 impetu

305 3893 394 3959 infra
430 3893 547 3959 densas
592 3891 740 3958 hostium
778 3892 863 3958 acies
900 3893 1048 3961 immisit
1110 3895 1355 3981 Quemcumque

307 3995 397 4062 enim
422 3993 613 4081 attingebat
635 3992 745 4058 Deum
767 3993 951 4060 invocando
974 3996 1043 4062 solo
1065 3997 1135 4062 ictu
1157 3999 1358 4084 perimebat;

340 4229 475 4296 ¹tr'torat]
494 4229 575 4280 hilatl.
604 4230 639 4279 A.
886 4232 1036 4284 ‘celibum
1049 4233 1114 4286 Ron.
1127 4235 1154 4285 ln
1171 4251 1250 4303 marg.
1268 4239 1338 4290 AD.

339 4309 548 4377 ¹01ypeem]om.
581 4308 613 4359 R
647 4309 728 4360 ῧᾶἆθᾱ
747 4309 812 4360 ῑΜ
886 4324 971 4392 Ἰαὼ]
990 4342 1046 4393 que.
1064 4329 1121 4378 add
1155 4329 1220 4380 B.D.

309 4389 468 4532 mim]
486 4466 617 4518 vascua.
635 4467 701 4519 nn.
729 4467 812 4520 rma.
888 4417 1031 4576 ἭᾟΞ]
1050 4419 1119 4562 iffi*
1138 4422 1193 4473 ’Μ’
1227 4423 1294 4476 B'D'

309 4545 602 4611 ven.inmarg.A.D.
966 4604 993 4616 ..
1098 4605 1131 4618 ..

343 4623 493 4690 capuam]
533 4623 638 4690 apua
688 4625 719 4677 a
760 4635 814 4678 eat
889 4603 1016 4670 ’ΜΠ
1035 4606 1151 4669 panna
1185 4607 1217 4658 B·

309 4703 414 4769 inpieta-
447 4701 481 4753 D.
893 4695 1067 4763 ''mitate]
1085 4698 1185 4748 montis.
1203 4701 1260 4751 add.
1295 4702 1327 4754 D.

344 4781 466 4849 ’09ίίπῆ
485 4787 545 4832 θηί»
562 4783 619 4832 Μὰ
653 4782 686 4834 D·
891 4789 909 4819 ¹²
919 4789 1081 4858 caruncula]
1100 4801 1264 4844 accuncntea
1299 4795 1333 4849 D.
