3696 5794
613 903 796 954 rumorum
818 907 1065 971 maronianum
1303 903 1365 968 129

359 1077 480 1166 Apud¹
497 1079 686 1147 Australem
710 1082 907 1150 Hiberniam
930 1085 966 1150 in
988 1087 1159 1172 provincia
1183 1089 1522 1157 Ossonensiucanc-

312 1182 460 1267 quolibet
486 1185 656 1270 septennio
683 1207 742 1272 per
765 1187 1035 1274 imprecationem
1060 1191 1230 1277 cujusdam
1256 1197 1363 1260 sancti
1374 1167 1431 1284 (Ἐξ
1439 1186 1507 1286 {ff’n‘

310 1283 442 1350 abbatis
465 1285 531 1351 duo
553 1287 729 1374 conjugati,
754 1290 883 1369 scilicet,
909 1292 1019 1359 viret
1042 1294 1170 1373 mulier,
1194 1319 1215 1360 a
1238 1296 1361 1363 finibus

310 1387 451 1474 propriis
484 1393 519 1454 et
552 1411 573 1454 a
604 1390 709 1456 forma
731 1393 864 1479 propria
887 1395 1020 1460 exulare
1043 1401 1215 1484 cogrmtur.
1271 1399 1360 1466 Nam

309 1489 447 1556 formam
473 1492 621 1580 lupinam
650 1494 821 1580 utriusque
851 1518 950 1562 sexus
984 1499 1170 1579 induentes,
1198 1503 1360 1588 completo

309 1594 480 1679 septennio
514 1595 543 1662 si
576 1596 701 1662 tirerint
732 1599 935 1684 superstites,
959 1600 1033 1665 aliis
1067 1602 1195 1666 duobus
1220 1603 1291 1668 loco
1322 1606 1360 1669 il-

308 1695 415 1762 lorum
444 1697 638 1785 subrogatis,
670 1700 714 1766 ad
739 1700 913 1786 pristinam
944 1703 1083 1770 redeunt
1114 1708 1183 1769 tam
1217 1707 1358 1792 patriam

309 1819 407 1884 quam
430 1805 592 1866 naturam.

354 1901 417 1968 Fst
438 1903 526 1969 lacus
548 1904 585 1968 in
607 1903 665 1970 iila
688 1909 774 1971 terra
789 1904 878 1991 quod
900 1904 951 1970 εἰ9
973 1907 1067 1993 palus
1089 1907 1217 1994 ligneus
1239 1911 1276 1976 in
1298 1911 1359 1977 ea³

308 2005 440 2092 figatur,
471 2028 547 2093 pars
581 2029 654 2094 quae
685 2008 723 2072 in
754 2012 843 2074 terra
874 2013 924 2074 est
955 2009 1019 2075 erit
1050 2010 1155 2075 ferrea
1167 2035 1176 2091 ;
1214 2034 1288 2099 quae
1322 2015 1359 2079 in

307 2129 400 2194 aqua,
424 2109 574 2194 lapidea;
597 2132 671 2196 quae
693 2132 791 2196 super
816 2131 943 2196 aquam,
967 2111 1078 2198 lignea
1100 2119 1222 2180 manet.

353 2210 414 2276 Est
446 2209 559 2277 enim⁴
579 2211 628 2277 ibi
659 2211 749 2278 lacus
779 2213 816 2276 in
840 2233 938 2296 quem
969 2214 997 2278 si
1031 2214 1203 2300 projeceris
1230 2219 1357 2306 virgam

307 2311 416 2393 comli,
440 2314 645 2380 convertitur
665 2314 702 2378 in
724 2313 901 2392 fraxinum,
925 2318 961 2380 et
982 2320 1122 2382 econtra.

352 2415 393 2482 In
416 2415 562 2504 Lagonia
583 2421 662 2482 sunt
684 2438 762 2482 aves
789 2416 905 2482 Sancti
928 2416 1102 2484 Colmanni
1125 2420 1276 2487 manibus
1298 2423 1356 2488 ho·

307 2519 434 2586 minum
448 2525 594 2598 assuetae,
611 2519 731 2606 quibus
745 2520 773 2584 si
788 2520 911 2605 injuria
929 2520 997 2600 fiat,
1016 2543 1093 2587 aves
1116 2544 1185 2588 nou
1207 2525 1355 2607 redeunt,

307 2626 340 2687 et
373 2644 467 2708 aquae
500 2623 616 2688 statim
647 2627 853 2688 amarescunt
890 2627 925 2688 et
954 2623 1083 2704 foetent,
1115 2629 1149 2690 et
1182 2626 1358 2712 injuriator

306 2724 488 2790 vindictam
517 2747 584 2790 non
614 2725 741 2807 evadet,
771 2725 836 2790 nisi
866 2723 1048 2792 satisfactio
1071 2723 1258 2814 condigna⁶
1280 2727 1357 2795 sub·

307 2831 469 2914 sequatur.

351 2931 438 2997 Sunt
467 2929 556 2996 illius
588 2935 685 2997 terrae
713 2929 862 2996 homines
891 2953 960 3018 prae
991 2931 1065 2997 aliis
1088 2932 1300 3019 impatientes
1322 2937 1492 3020 etsshcvin-

305 3033 348 3098 ad
369 3032 553 3098 vindictam
575 3033 769 3120 praecipites,
792 3034 880 3098 unde
909 3033 1023 3100 Sancti
1045 3034 1135 3100 illius
1166 3040 1262 3103 terrae
1288 3008 1517 3124 praegiih'e‘m'

304 3137 430 3202 caeteris
467 3135 655 3222 regionibus
693 3135 834 3201 vindicis
871 3137 976 3202 animi
1020 3159 1088 3203 esse
1131 3140 1355 3209 dinoscuntur.
1367 3139 1441 3190 Ifssh·

306 3237 420 3305 Oleros
456 3243 553 3304 terrae
590 3237 688 3323 hujus
726 3238 879 3304 castitate
917 3239 1028 3325 pollet,
1068 3241 1210 3307 orationi
1248 3251 1355 3326 vacat,

304 3340 514 3407 abstinentiae
555 3361 614 3428 per
650 3341 738 3406 diem
779 3339 987 3407 artificialem
1025 3342 1186 3429 indulget,
1226 3351 1356 3410 noctem

304 3443 434 3508 assidua
459 3442 631 3529 potatione
655 3441 771 3520 foedat,
794 3441 845 3507 ita
866 3447 906 3507 ut
928 3465 988 3529 pro
1012 3444 1170 3510 miraculo
1191 3446 1356 3526 habetur,⁰

304 3545 392 3630 quod
414 3543 472 3610 ubi
494 3543 575 3610 vina
596 3544 819 3622 dominantur,
844 3543 957 3609 Venus
980 3567 1048 3610 non
1071 3552 1198 3633 regnat.

349 3645 395 3710 Et
416 3646 502 3712 siout
523 3647 612 3712 inter
628 3668 682 3713 eos
697 3645 777 3712 mali
792 3651 872 3712 sunt
887 3647 1028 3734 pessimi,
1047 3647 1096 3714 ita
1111 3648 1191 3714 boni
1204 3650 1355 3736 quamvis
1368 3662 1424 3712 The
1436 3670 1507 3726 pent

302 3747 420 3836 pauei⁷
443 3753 523 3816 sunt
545 3750 673 3836 optimi.
1367 3729 1511 3847 {ffig‘ffi

347 3851 483 3918 Praelati
512 3853 549 3918 in
571 3851 769 3940 corrigendis
792 3851 978 3919 excessibus
1000 3858 1079 3919 sunt
1105 3854 1240 3932 desides,
1279 3865 1432 3930 eon-sood
1447 3861 1523 3914 In'sb·

302 3955 509 4041 templationi
543 3959 578 4020 et
613 3955 682 4021 otio
719 3960 882 4032 vacantes,
921 3976 989 4020 non
1030 3956 1256 4042 praedicationi
1294 3979 1355 4024 nee

301 4057 514 4137 correctioni3
536 4057 626 4122 unde
648 4079 760 4122 omnes
787 4057 901 4122 Sancti
924 4063 1022 4124 terrae
1046 4057 1145 4145 hujus
1167 4080 1262 4146 paene
1276 4065 1355 4126 sunt

302 4158 507 4238 confessores,
535 4164 570 4225 et
591 4159 702 4225 nullus
724 4163 861 4244 martyr.

347 4261 390 4328 In
420 4262 482 4328 hac
513 4261 614 4328 etiam
645 4267 735 4328 terra
771 4267 851 4328 sunt
891 4261 1000 4328 baculi
1039 4263 1139 4346 curvi,
1175 4285 1353 4351 campanae,

302 4363 413 4447 libelli,
437 4369 472 4430 et
497 4363 564 4430 alia
585 4363 781 4452 hujusmodi,
807 4363 892 4430 sicut
914 4363 951 4428 in
973 4363 1105 4447 Wallin,
1127 4387 1187 4452 pro
1209 4367 1355 4452 reliquiis

334 4595 784 4663 ¹Notaiaauditum.inmarg.A.D.
885 4597 981 4662 ⁴enim]
995 4613 1043 4648 om.
1077 4596 1109 4647 B.

332 4677 395 4743 ἐπὶ]
436 4675 499 4728 'l'wo
529 4679 614 4728 erased
640 4678 730 4737 words,
757 4678 800 4729 the
886 4676 1037 4741 'condiqna]
1050 4676 1134 4740 digna.
1168 4675 1233 4725 ΒΛ).

300 4751 374 4808 utar
384 4757 547 4820 subpunoted,
558 4755 642 4808 follow
653 4756 679 4805 in
691 4756 726 4806 Α.
886 4754 1020 4820 ‘babeturJ
1033 4755 1163 4805 habentur.
1198 4747 1232 4800 D.

333 4835 396 4901 ἀι]
409 4849 447 4885 eo.
480 4833 548 4886 B.D.
886 4833 1113 4898 ’wmoispoacfl
1126 4848 1175 4884 om.
1209 4830 1239 4883 B.

390 4929 465 4983 VOL.
482 4929 518 4980 11.
1210 4929 1223 4976 1
