3696 5794
589 911 771 964 aunoomu
793 909 1042 964 nreroassama
1275 897 1341 964 163

291 1087 431 1162 provincia
458 1089 623 1161 amplectens
646 1087 727 1143 idolis
757 1088 933 1152 renuntiaret,
963 1085 1038 1160 quod
1068 1086 1175 1142 fecisset
1207 1085 1260 1142 uisi
1282 1089 1342 1142 tam

290 1177 354 1230 lata
371 1174 503 1246 principia
519 1191 594 1229 mors
612 1191 660 1244 per
675 1172 787 1229 insidias
811 1171 904 1228 moris
928 1169 1078 1244 impediret.
1114 1170 1194 1228 Tuno
1213 1169 1342 1226 Oswinus

290 1275 407 1332 regnum
431 1257 557 1329 suseepit,
583 1256 660 1330 quod
690 1257 790 1312 sibiet
821 1256 940 1312 victorin
964 1256 993 1310 in
1024 1259 1129 1326 patrem
1152 1259 1180 1312 et
1203 1253 1342 1312 affinitatis

245 1357 247 1362 ·
287 1343 349 1415 jure
371 1341 401 1397 in
418 1341 509 1396 illium
527 1345 678 1412 competere
701 1339 844 1396 videbatur
851 1363 860 1406 a
891 1339 939 1396 aad
957 1340 1116 1396 animositas
1135 1336 1343 1410 provincialium

292 1444 348 1482 uon
366 1427 439 1482 ultra
458 1425 601 1480 biennium
619 1425 711 1498 potuit
730 1425 798 1482 ferm
815 1429 990 1496 regnantem
1011 1423 1131 1496 expulsis
1149 1423 1207 1494 ejus
1226 1421 1342 1480 duoibui

290 1515 358 1566 tuno
378 1509 507 1566 suooessit
530 1509 660 1574 Wlierns,
681 1509 781 1564 Pendoe
798 1509 882 1574 iilius,
907 1509 964 1584 qui,
985 1507 1138 1566 meandum
1161 1505 1342 1564 Willielmum
1354 1507 1477 1607 {Dulfssff

292 1594 572 1660 Malmesburiensem,
591 1599 619 1650 et
637 1592 750 1659 Bedam,
763 1593 792 1648 li.
815 1609 863 1650 111.
882 1611 940 1664 oap.
957 1593 1002 1658 23,
1021 1610 1056 1648 ne
1076 1610 1153 1662 spem
1172 1591 1274 1648 civium
1291 1591 1343 1646 fal·
1405 1591 1411 1606 '
1464 1591 1471 1606 ’

290 1679 356 1734 leret
373 1677 469 1734 sedulo
485 1678 625 1749 satagebat
642 1678 750 1749 magnis
764 1677 848 1734 animi
864 1683 891 1734 et
910 1677 1028 1748 eorporis
1046 1675 1149 1732 viribus
1167 1676 1263 1732 utilem
1286 1672 1341 1748 [se]

292 1761 441 1828 ostendere,
466 1761 583 1835 denique
607 1761 843 1818 christianitatem
865 1762 912 1820 vix
933 1762 963 1816 11
981 1779 1067 1833 regno
1091 1777 1141 1816 suo
1162 1760 1342 1832 palpitantem

291 1847 389 1902 innuit.
427 1845 481 1902 Hie
499 1865 516 1901 a
532 1864 595 1917 rege
608 1846 823 1902 Westsaxonum
841 1845 957 1902 afflictos
976 1845 1103 1917 injuriam
1120 1845 1283 1918 propulsam
1301 1843 1342 1914 ip·

292 1949 355 1986 snm
373 1929 494 1986 dominio
512 1929 632 1986 Wethtta
651 1931 749 1986 insulae
763 1931 911 1996 mutilavit,
926 1929 1093 2002 eandemque
1110 1928 1179 1986 ritus
1198 1928 1342 1998 sacrilegos

291 2015 462 2070 anhelantem
485 2014 625 2070 inflectens
649 2033 706 2069 non
729 2015 819 2072 multo
842 2020 905 2086 poet
923 2014 981 2086 regi
1003 2013 1174 2070 Australium
1200 2010 1343 2068 Saxonum

292 2098 467 2164 Edelwallsio,
487 2115 569 2172 quem
592 2099 622 2153 in
640 2099 776 2170 baptismo
794 2099 921 2170 suseepit,
940 2098 1027 2169 gratia
1043 2096 1108 2154 fidei
1130 2095 1222 2162 deditr
1246 2113 1342 2152 verram

291 2183 427 2240 enimvero
445 2183 503 2238 hare
515 2188 543 2238 et
560 2201 741 2256 quacumque
758 2183 816 2255 ejus
834 2183 907 2238 bona
924 2181 1010 2240 inficit
1028 2180 1118 2253 gravis
1137 2179 1259 2236 simoniae
1276 2185 1344 2236 nota

292 2265 367 2340 qnod
386 2267 490 2338 primus
507 2285 604 2338 regum
619 2267 774 2338 Anglorum
792 2284 900 2322 ssorum
917 2266 1103 2338 episcopatum
1122 2263 1342 2322 Londonienaem

292 2350 401 2408 cuidam
413 2351 511 2422 Wynae
523 2349 666 2406 ambitiose
684 2351 768 2408 daret.
804 2350 930 2408 Wulfero
947 2355 1011 2422 post
1028 2365 1095 2406 xlx.
1113 2366 1199 2406 annos
1212 2347 1342 2406 defuncto

230 2497 233 2504 ,
292 2435 420 2492 suecessit
436 2433 586 2490 Edelredus
603 2453 650 2490 rex
665 2435 748 2490 frater
763 2433 821 2506 ejus
836 2439 894 2490 tam
911 2435 941 2488 in
956 2433 1086 2506 religione
1104 2451 1188 2506 quam
1200 2431 1343 2508 pugnandi

293 2518 481 2574 exercitatione
499 2519 634 2574 celebrior.
667 2518 723 2574 lete
741 2517 899 2583 Edelredns,
912 2516 1063 2574 seeundum
1077 2516 1181 2572 bedam
1200 2515 1234 2572 de
1252 2515 1343 2574 Gestis
1354 2527 1483 2574 sethllred.

293 2603 455 2672 duplorum,
480 2603 508 2658 11.
527 2619 556 2658 v.
575 2621 598 2658 o.
621 2603 663 2658 12.
682 2620 756 2658 anno
775 2602 927 2660 Dominioaa
952 2601 1150 2658 Inoarnationia
1172 2581 1470 2666 noaxxv11.,ffl·⁶⁷⁵·

293 2685 412 2742 adducto
435 2687 557 2758 maligno
581 2687 699 2742 exeroitu
725 2686 855 2742 Cannium
878 2687 1004 2754 vastavit,
1029 2686 1154 2742 ecelesias
1180 2689 1208 2742 et
1235 2701 1345 2742 monaa-

292 2771 359 2826 teria
382 2771 440 2826 sine
460 2772 609 2826 reverentia
633 2771 741 2842 pietatis
765 2775 793 2826 et
821 2771 915 2826 Divini
936 2771 1042 2826 timoris
1064 2768 1194 2834 ioedavit3
1222 2767 1343 2836 tandem,

292 2871 365 2910 anno
379 2855 456 2925 regni
475 2854 517 2910 sni
537 2871 601 2920 xx,
621 2855 650 2910 in
671 2853 814 2910 Harderna
831 2854 990 2926 regulariter
1005 2859 1113 2920 tonsus,
1131 2854 1208 2925 prius
1232 2854 1262 2912 in
1285 2872 1345 2910 mo·

292 2938 420 3004 naobum,
444 2955 510 2992 mox
534 2938 563 2994 in
584 2937 708 2994 abbatem
732 2940 861 2994 alteratus
882 2943 931 2995 est.
969 2937 1022 2994 Cui
1046 2939 1176 2994 suecessit
1201 2937 1482 2996 Kenredusooesrsed.

292 3024 335 3078 vel
360 3021 507 3088 cenredum
531 3022 607 3077 tilius
628 3022 754 3087 wulferi,
779 3024 827 3095 qui
851 3022 950 3094 pietate
973 3023 1003 3078 in
1027 3023 1190 3088 Dominum,
1210 3023 1345 3094 probitate
1356 3003 1470 3049 mm·

291 3106 321 3161 11
345 3107 461 3178 patriam
484 3106 657 3177 perinsignis,
680 3125 791 3162 morum
810 3107 962 3162 sinceritate
982 3107 1068 3162 vitam
1087 3107 1214 3172 cucurrit,
1234 3108 1345 3179 quinto·

292 3209 346 3264 qne
369 3191 446 3260 regni
470 3206 543 3244 anno
567 3189 662 3246 Romae
688 3190 840 3246 monachus
860 3191 949 3247 factus
970 3190 1005 3246 ad
1029 3191 1125 3246 limina
1147 3191 1345 3264 Apostolorum

292 3275 321 3330 in
344 3273 477 3345 preoibus,
493 3272 611 3345 jejuniis,
630 3279 657 3329 et
676 3275 844 3330 eleemosinis
871 3293 959 3348 usque
978 3273 1013 3330 ad
1038 3273 1110 3330 diem
1130 3274 1279 3346 pertransit
1302 3276 1345 3330 ul·

291 3359 408 3423 timnrn3
428 3375 545 3430 regnum
564 3357 729 3412 Marciorum
750 3359 788 3414 sio
808 3359 976 3416 nobilissime
988 3359 1141 3430 praefuerat,
1160 3357 1208 3414 sed
1225 3358 1345 3417 nobilius

291 3443 380 3497 multo
404 3447 540 3514 seeptrum
560 3442 717 3514 relinquens
736 3442 856 3498 maxime
873 3441 1028 3498 miserando
1046 3443 1122 3498 exitu
1147 3442 1241 3500 militis
1272 3460 1345 3500 oom-

293 3531 422 3598 punetue.
460 3525 525 3592 Qui,
550 3525 702 3582 seeundum
734 3525 839 3582 Eadem
864 3525 898 3582 de
922 3525 1012 3582 Gestis
1036 3527 1200 3597 Anglorum,
1220 3526 1249 3582 li.
1270 3545 1297 3582 v.
1321 3544 1345 3584 o.

296 3611 338 3675 13,
362 3627 426 3665 oum
445 3609 566 3666 oonflteri
591 3611 689 3666 seelera
708 3627 792 3668 sanus
817 3610 990 3682 superbisset,
1014 3611 1043 3666 in
1062 3611 1158 3666 mortis
1174 3610 1259 3682 janua
1281 3627 1346 3666 oon-

294 3695 417 3760 sbtutnr,
435 3693 504 3750 vidit
528 3693 664 3750 daemones
689 3699 811 3750 auotores
830 3694 866 3750 ed
885 3695 1019 3767 supplicia
1042 3694 1144 3768 quibus
1162 3693 1286 3750 animum
1304 3695 1346 3750 iu·

294 3776 421 3832 dulserat.
458 3776 511 3832 Cui
531 3777 659 3833 suooeseit
681 3777 819 3844 celredus,
843 3779 918 3834 filius
943 3778 1080 3834 Edelfredi
1098 3797 1147 3850 per
1165 3795 1235 3834 v111.
1249 3797 1345 3837 annos.
1358 3795 1477 3840 ceolnod.

295 3859 348 3918 Cui
372 3861 500 3916 suooessit
523 3861 699 3928 Edelbaldus,
719 3863 767 3934 qni
796 3881 881 3934 regno
909 3865 964 3918 alta
993 3881 1059 3936 paee
1086 3879 1151 3920 xus.
1177 3863 1257 3920 annis
1287 3881 1346 3936 per·
1358 3847 1470 3892 mm·

294 3945 417 4010 functus,
441 3949 469 4000 et
501 3945 648 4001 novissime
671 3964 688 4000 a
711 3945 839 4018 subjeetis
864 3947 970 4004 eooisue
996 3949 1115 4004 fortunae
1138 3952 1228 4004 rotam
1250 3949 1345 4006 volvit.
1358 3921 1497 4020 ffihiqlffffl

296 4029 351 4084 llio
369 4029 451 4085 etam
474 4030 577 4084 multas
600 4029 737 4085 libertates
761 4031 877 4088 eeclesiis
901 4036 929 4088 et
957 4031 1127 4088 monasteriis
1152 4032 1292 4099 noncessit,
1316 4051 1347 4092 ao

295 4113 454 4169 auctoritate
476 4113 615 4169 literarum
633 4119 660 4170 et
670 4114 828 4170 testimonio
846 4115 1069 4188 cirograpborum
1086 4122 1193 4174 aeternoe
1212 4118 1349 4176 memoriae

295 4197 388 4252 firmas
416 4215 473 4252 esse
502 4197 655 4264 constitnit,
680 4198 718 4252 ite
736 4199 978 4272 inquiensz-Ego
1000 4199 1177 4268 ildebaldus,
1204 4219 1250 4258 rex
1275 4203 1348 4258 Mer-

294 4283 407 4346 oiorum,
426 4299 475 4352 pro
490 4298 580 4336 amore
598 4283 713 4338 ooelestis
731 4283 825 4354 patriae
839 4287 867 4338 et
883 4284 1003 4340 remedio
1021 4285 1119 4340 animm
1137 4303 1212 4352 mese,
1237 4286 1349 4342 studen-

296 4364 364 4420 dum
376 4381 433 4420 essa
451 4365 563 4436 praevidi
580 4370 613 4420 ut
624 4383 685 4421 eam
696 4385 745 4438 per
761 4367 836 4422 bona
849 4385 930 4440 opera
944 4369 1056 4424 liberam
1074 4370 1205 4426 effioerem
1221 4369 1255 4428 ab
1274 4371 1350 4426 omni

295 4449 598 4520 viuculopeooatorum.
635 4450 712 4508 Dum
730 4451 803 4506 enim
814 4451 883 4506 mibi
896 4452 1078 4524 Omnipotens
1091 4453 1168 4509 Deus
1182 4471 1230 4526 per
1247 4454 1351 4512 miseri-
1412 4493 1418 4506 .

296 4531 417 4588 cordiam
440 4533 597 4598 clementiae,
611 4533 713 4606 absque
731 4535 790 4589 ullo
810 4535 984 4591 antecedente
1004 4537 1109 4602 merito,
1128 4543 1266 4610 sceptrum
1282 4539 1352 4610 regi·

296 4616 380 4670 minis
395 4617 510 4687 largitus
528 4621 585 4674 est:
604 4617 665 4673 ideo
683 4619 798 4674 libenter
809 4637 841 4675 ex
859 4637 891 4675 eo
910 4620 985 4692 quod
1004 4619 1079 4676 dedit
1097 4621 1227 4678 retribuo.
1259 4622 1351 4694 Hssjus

297 4701 336 4756 rei
355 4699 442 4772 gratis
460 4699 634 4757 donationem
652 4721 696 4758 me
714 4703 822 4759 vivente
839 4703 966 4770 oonoedo,
985 4709 1018 4760 ut
1036 4705 1129 4760 omnia
1145 4707 1310 4762 monasteria
1324 4711 1352 4762 et

299 4784 418 4840 ecelesia
441 4785 519 4856 regni
541 4786 596 4840 mei
619 4785 654 4841 ab
678 4787 807 4842 omnibus
830 4789 1010 4858 vectigalibus
1034 4789 1151 4860 publicis
1174 4793 1201 4846 et
1225 4791 1351 4862 operibus

301 4867 489 4932 absolvantur,
514 4869 568 4923 nisi
591 4870 621 4923 in
648 4871 846 4926 annotionibne
870 4873 973 4927 areium
996 4877 1023 4927 et
1046 4873 1174 4943 pontium
1197 4891 1259 4945 quar
1282 4874 1352 4931 nulli

300 4969 427 5024 unquam
457 4953 570 5012 relaxari
597 4959 723 5026 possunt.
778 4953 909 5016 Pratesea
937 4955 1055 5016 habeant
1083 4957 1180 5049 famuli
1208 4957 1261 5108 Izlei
1290 4976 1352 5030 pro·

1174 5057 1196 5108 L
