3674 5800
616 903 798 952 nummum
821 901 1067 952 mercaranuu.
1322 887 1363 951 29

317 1077 399 1142 dant
415 1075 588 1157 cocodrilli,
603 1075 798 1162 ypothami‚¹
817 1077 853 1141 id
869 1080 929 1156 est,
944 1077 1020 1162 equi
1042 1077 1194 1142 fluviales
1211 1081 1245 1142 et
1261 1075 1363 1162 potis·
1380 1092 1414 1146 01
1426 1094 1520 1161 Egypt.

317 1178 398 1244 sime
421 1179 506 1244 circa
526 1177 653 1243 fluenta
675 1177 755 1256 Nili,
783 1179 841 1264 qui
865 1179 977 1264 potius
1001 1183 1181 1244 vescuntur
1211 1177 1364 1244 carnibus

317 1281 469 1348 humanis
495 1302 594 1368 quam
621 1281 748 1348 caeteris
774 1280 984 1347 victualibus.

704 1615 785 1686 On.
809 1615 976 1682 XXVIII.

728 1830 778 1898 De
798 1829 962 1918 Scythia?

362 2047 537 2114 Sarrum
561 2047 651 2137 regio
676 2048 731 2114 vel
752 2047 876 2114 Gothia
901 2047 1074 2114 nominata
1098 2070 1119 2113 a
1145 2048 1269 2136 Magog
1294 2049 1363 2114 filio
1378 2047 1417 2101 Of
1461 2115 1466 2128 ,

316 2149 449 2236 Japhet,
465 2150 556 2235 cujus
578 2155 668 2217 terra
689 2150 768 2216 olim
792 2150 908 2237 ingene
930 2150 1004 2216 fuit.
1049 2151 1138 2216 Nam
1161 2153 1205 2216 ab
1228 2151 1364 2217 Oriente
1379 2115 1490 2182 scytha.

317 2252 418 2318 habet
441 2253 583 2334 Indiam,
601 2276 622 2318 a
648 2253 882 2340 Septentrione
906 2253 1078 2319 Maeotidas
1101 2253 1251 2332 Paludes,
1275 2254 1364 2318 inter

316 2353 509 2420 Danubium
529 2361 564 2420 et
586 2353 754 2422 Oceanum
780 2355 949 2442 usquead
974 2355 1161 2422 Germaniae
1184 2355 1267 2422 fines
1289 2377 1363 2442 por-

315 2461 503 2547 rigebatur;
525 2465 640 2547 postea
662 2483 741 2526 vero
765 2462 873 2528 minor
895 2460 1013 2528 effecta
1036 2483 1056 2526 a
1079 2461 1200 2526 dextra
1226 2461 1364 2526 orientis

315 2567 408 2650 parte
441 2585 508 2649 qua
541 2561 692 2630 Oceanus
726 2562 873 2629 Siricim³
896 2564 1046 2629 tenditur
1078 2585 1181 2649 usque
1204 2564 1247 2628 ad
1271 2563 1363 2629 Mare

318 2663 474 2751 anpium
497 2665 585 2750 quod
616 2669 667 2730 eet
694 2666 738 2732 ad
762 2663 932 2744 Occaeum,
956 2665 1097 2733 dehinc⁴
1119 2665 1162 2731 ad
1189 2665 1361 2730 Meridiem

316 2788 420 2852 usque
436 2767 478 2830 ad
495 2766 632 2834 Caucasi
649 2767 771 2854 jugum
786 2768 928 2833 deducta
942 2772 999 2834 eet.
1036 2767 1077 2850 Ei
1094 2766 1265 2853 Scythiae⁵
1288 2768 1364 2833 sub-

312 2869 403 2956 jacet
418 2868 589 2954 Hyrcania
606 2869 650 2934 ab
666 2869 799 2950 Occasu,
816 2869 941 2936 habent
961 2870 1087 2956 pariter
1101 2869 1225 2938 multae
1239 2875 1363 2958 gentes,

315 2975 449 3058 propter
481 2967 667 3037 terrarum⁶
699 2971 990 3039 infoecunditatem
1020 2973 1089 3038 late
1118 2977 1288 3060 vagantes,
1323 2995 1366 3038 ex

316 3074 437 3160 quibua
470 3075 606 3160 quidam
637 3073 756 3161 agr0s⁷
779 3074 940 3154 incolunt,
964 3075 1098 3161 quidam
1131 3063 1285 3141 carnibus
1307 3076 1364 3141 ho-

315 3177 444 3242 minum
459 3181 494 3242 et
508 3177 669 3264 sanguine
684 3177 815 3244 vivunt.
862 3177 1009 3264 Scythiae
1029 3177 1138 3264 plures
1157 3183 1255 3244 terrae
1276 3179 1364 3243 Iocu-

316 3279 420 3366 pletee
434 3283 522 3360 sunt,
546 3284 581 3344 et
603 3279 712 3366 plures
734 3284 850 3346 vasta.
907 3279 997 3344 Dum
1029 3279 1119 3345 enim
1142 3280 1179 3344 in
1201 3279 1365 3366 plerisque

314 3381 394 3448 locie
415 3403 496 3446 auro
518 3387 553 3447 et
574 3383 713 3469 gemmis
728 3381 876 3460 affluant,
894 3381 1038 3446 serarum
1061 3381 1268 3446 immanitate
1290 3403 1365 3446 raro

315 3483 356 3548 fit
377 3483 549 3548 hominurn
571 3505 726 3550 acceseua
773 3483 948 3570 Smaragdi
969 3483 1095 3550 nobiles
1116 3484 1153 3548 in
1175 3483 1286 3569 patria
1306 3483 1366 3548 illa

314 3585 488 3652 abundant
499 3609 508 3667 ;
539 3585 640 3652 habet
671 3591 784 3656 autem
815 3585 956 3654 flumina
990 3607 1120 3675 magna,
1143 3585 1279 3670 scilicet,
1304 3585 1364 3653 Oa-

315 3709 436 3770 corum,
460 3687 626 3756 Fasiden⁸
647 3693 750 3777 atque
773 3687 932 3758 Araxen!

316 3907 443 3916 ..ὑ-ο

348 4037 355 4068 ¹
365 4035 501 4104 metuat]
520 4037 648 4104 ypothani.
680 4037 712 4088 Β.
893 4039 1046 4106 ‘tmamnj
1065 4046 1147 4094 terrm.
1180 4040 1244 4092 B.I).

347 4115 485 4182 'Scyttid
506 4115 577 4168 Sitia.
596 4116 630 4167 A.
647 4117 737 4168 sitnia.
752 4117 816 4170 RD.
893 4146 901 4173 ι
913 4145 996 4211 m]
1014 4153 1115 4196 mmm·
1149 4145 1213 4198 RD·

349 4193 482 4260 ¹siricae]
501 4194 607 4246 ciricus.
641 4194 705 4247 B.D.
971 4250 976 4262 ,

349 4273 469 4338 *ream
484 4275 581 4325 uanae.
599 4275 629 4324 n
649 4276 730 4326 cena.
747 4275 816 4328 an.
892 4249 1035 4318 ⁸F⁰⁸¹³²²⁸J
1053 4249 1178 4300 F²¹⁸¹⁶⁸¹²
1211 4250 1241 4300 Β·

349 4351 492 4417 ‘scyram
507 4351 816 4418 sitiaasmianm.
890 4354 1027 4421 ’AraxeaJ
1046 4355 1160 4406 Arexcn.
1193 4355 1223 4406 R
