3656 5800
456 879 521 948 240
755 893 940 944 nurccruu
962 891 1211 944 msronrrnura

454 1069 489 1132 et
511 1065 566 1132 in¹
584 1065 773 1154 aucupatu⁹
795 1067 937 1146 edoctus,
953 1071 993 1134 nt
1008 1065 1151 1132 decebat
1198 1065 1241 1132 In
1263 1069 1393 1134 tantam
1417 1065 1510 1133 ducis

454 1169 635 1236 amicitiam
666 1169 833 1236 incidebat
864 1174 903 1235 ut
934 1170 1004 1236 dux
1036 1169 1204 1236 ordinavit
1241 1169 1373 1235 unicam
1406 1170 1508 1234 filiam

454 1293 548 1338 suem
571 1294 670 1360 quam
693 1273 839 1340 babebat
861 1271 1006 1338 maritali
1029 1271 1101 1358 lege
1124 1271 1188 1338 sibi
1210 1271 1365 1358 copulari.
1410 1271 1457 1337 Et
1480 1271 1508 1336 si

455 1374 672 1442 masculinum
710 1374 863 1462 deinceps
902 1395 1018 1440 sexum
1059 1395 1127 1438 non
1165 1373 1309 1454 haberet,
1347 1373 1441 1440 dedit
1477 1374 1508 1439 ei

455 1498 594 1563 regnum
618 1476 830 1546 Allobrocum
852 1483 927 1563 post
950 1475 1079 1544 obitum
1100 1497 1196 1542 suum
1219 1499 1293 1542 cum
1315 1476 1385 1541 filie
1407 1477 1508 1564 possi-

455 1579 606 1646 dendum.
654 1577 785 1646 sivero
808 1579 915 1645 filium
938 1585 1111 1666 generaret
1132 1579 1295 1644 auxilium
1318 1579 1349 1645 ei
1372 1579 1508 1667 promit-

455 1681 548 1748 tebat
562 1683 604 1748 ad
627 1680 786 1768 regnum³
810 1680 1042 1748 Britannicum
1068 1681 1301 1746 debellandum
1324 1687 1359 1746 et
1380 1681 1507 1746 lucran-

456 1785 556 1864 dum3
580 1791 614 1850 et
635 1807 702 1850 non
724 1784 828 1852 solum
851 1784 911 1850 hoa
926 1784 1043 1850 educe
1059 1784 1115 1848 sed
1139 1782 1267 1849 etiam⁴
1289 1783 1332 1848 ab
1355 1783 1506 1850 omnibus

368 1949 369 1954 ,
455 1887 518 1952 eibi
542 1883 712 1954 subditis⁶
735 1885 979 1956 concedebatur.

899 2249 980 2318 Cir.
1003 2248 1074 2316 XV.

502 2457 579 2526 Nae
601 2479 714 2540 mora;
737 2457 846 2544 puella
868 2456 1056 2536 maritatur,
1078 2455 1241 2544 principes
1264 2457 1381 2544 patriae
1404 2455 1507 2520 Bren-

456 2559 513 2625 nio
543 2561 740 2640 subduntur,
766 2541 885 2624 solium
907 2558 1000 2646 regni
1030 2559 1061 2624 ei
1093 2558 1245 2625 donatur.
1299 2558 1370 2624 Nec
1400 2579 1507 2623 annris

457 2683 522 2748 quo
567 2662 637 2728 haee
675 2661 762 2727 facta
799 2666 878 2726 sunt
917 2661 1048 2747 integre
1087 2683 1237 2726 emensus
1285 2660 1394 2725 fuerat
1431 2681 1506 2726 cum

456 2786 608 2850 suprema
652 2759 743 2828 dies⁶
780 2763 872 2828 ducis
917 2761 1107 2844 advenerat,
1145 2763 1215 2850 ipse
1252 2785 1294 2830 ex
1339 2762 1400 2828 liae
1436 2761 1508 2826 luce

457 2867 621 2952 migravit.
683 2863 776 2931 Tunc
800 2864 964 2930 Brennius
988 2865 1139 2952 princeps
1162 2865 1280 2952 patriae
1303 2886 1385 2952 quos
1416 2865 1508 2951 prius

456 2967 611 3034 amicitiae
648 2967 822 3034 innexerat
851 2965 1012 3033 obnoxios
1045 2965 1109 3032 sibi
1138 2967 1242 3034 facere
1271 2989 1339 3033 non
1365 2967 1505 3052 diffugit,

456 3069 628 3157 largiendo
655 3068 723 3138 res⁷
748 3069 939 3136 thesaurum
972 3069 1071 3150 ducis,
1103 3069 1161 3158 qui
1194 3067 1406 3158 a⁸te1np0re
1436 3075 1506 3134 ata·

456 3193 573 3238 vorum
610 3193 744 3238 suorum
778 3171 951 3238 collectum
981 3171 1099 3254 firerat,
1132 3177 1167 3237 et
1196 3171 1286 3259 quod
1316 3171 1508 3258 Allobroges

455 3297 514 3362 pro
537 3275 681 3340 maximo
705 3273 880 3340 habebant.
938 3272 1096 3340 Protinus
1124 3278 1196 3340 erut
1218 3273 1255 3340 in
1277 3273 1396 3340 dandis
1418 3273 1509 3354 cibis,

456 3375 540 3442 nulli
559 3377 698 3464 januam
728 3399 822 3444 suam
846 3374 1032 3464 prohibens

501 3478 665 3544 Atti-actis
699 3478 885 3564 quibusque
926 3477 963 3543 in
1007 3477 1216 3544 dilectionem
1257 3499 1351 3542 snam
1385 3475 1507 3542 delibe-

456 3579 562 3646 ravit⁰
585 3579 675 3668 apud
700 3601 735 3645 se
757 3581 901 3666 qualiter
923 3601 992 3646 sese
1016 3581 1053 3646 in
1076 3579 1230 3646 Belinum
1253 3579 1388 3646 fratrem
1411 3599 1508 3643 suum

456 3683 660 3760 vindicaret3
700 3681 789 3768 quod
828 3703 902 3748 cum
940 3681 1060 3770 populo
1105 3703 1164 3748 suo
1194 3682 1369 3748 indicasset
1400 3702 1509 3747 assen-
1550 3737 1554 3746 .

456 3807 529 3851 sum
552 3783 765 3872 praebuerunt
790 3804 902 3849 omnes
925 3803 1000 3849 cum
1025 3783 1084 3849 illo
1109 3784 1165 3851 ire.

501 3887 572 3952 Nec
620 3907 721 3966 mora,
758 3885 892 3952 collecto
936 3886 1058 3972 grandi
1103 3885 1251 3952 exercitu
1287 3885 1397 3951 ioedus
1433 3907 1508 3952 cnm

458 3987 562 4054 Gallis
572 3986 598 4026 ¹⁰
613 3987 715 4053 inivit
738 3991 778 4052 ut
807 4009 867 4076 per
895 3987 1081 4074 provincias
1114 3987 1247 4053 illorum
1257 3985 1280 4025 ¹¹
1299 3987 1508 4054 Britanniam

457 4112 531 4158 cum
566 4089 807 4177 tranquillitate
837 4089 929 4157 adire
962 4089 1136 4159 sineretur.
1182 4089 1303 4158 Parate
1316 4087 1342 4128 ¹⁹
1375 4089 1509 4178 navigio

492 4391 552 4458 ἰὴ]
570 4405 620 4442 om.
655 4389 722 4441 B.D.
1043 4389 1111 4456 'oer]
1130 4388 1174 4440 eis.
1208 4389 1275 4440 B.D.

490 4465 648 4532 ’ampatfl
668 4470 783 4528 ecnpetu
818 4463 883 4515 B.D.
1040 4470 1103 4534 'qur‘
1118 4469 1150 4535 a]
1168 4471 1244 4534 quod.
1277 4469 1343 4520 RD.

489 4545 618 4596 ’Asbort
629 4557 729 4594 erasure
741 4543 841 4594 follows
852 4543 880 4593 in
893 4542 927 4592 A.
1040 4547 1214 4614 'deliberatam
1233 4549 1394 4600 deliberabat.
1427 4547 1459 4600 B.

489 4618 595 4684 ⁴etiaar]
614 4635 663 4670 cm.
697 4617 762 4668 B.D.
1039 4627 1058 4658 ¹·
1072 4626 1168 4693 Gallis]
1189 4627 1287 4679 Galliis.
1320 4629 1351 4680 B.

488 4697 623 4765 ‘subdirirJ
642 4697 767 4762 subjectis
802 4695 869 4748 B.D.
1038 4707 1053 4737 ¹¹
1067 4705 1173 4773 ἰὶἰοηηι]
1192 4721 1287 4758 eorum.
1321 4707 1353 4758 Β.

441 4801 447 4811 -
489 4775 868 4829 ‘Ashcrteresureiollowsin
881 4775 915 4827 Α.
1035 4787 1054 4818 ¹²
1064 4785 1173 4852 Parate]
1192 4787 1277 4838 Pecto.
1311 4785 1377 4836 B.D.
