3674 5800
611 859 792 910 nunomuu
816 861 1064 912 nrsronmeuru.
1320 855 1360 914 21

315 1028 456 1094 Darium
478 1051 570 1118 reges
592 1031 766 1098 Persarum
789 1039 824 1099 et
846 1033 1019 1102 Medorum
1041 1035 1174 1123 penitus
1197 1037 1364 1104 destructa
1377 1049 1507 1117 ofssaa5.

312 1131 388 1197 fuit.
436 1133 541 1198 Locus
565 1139 675 1200 autem
699 1136 758 1202 ubi
781 1137 947 1222 quondam
970 1137 1034 1203 fuit
1061 1139 1212 1225 Babylon
1235 1145 1285 1205 est
1308 1117 1452 1207 de«¹⁰”i³⁴

313 1232 440 1298 sertus¹
478 1239 513 1300 et
549 1237 633 1303 nihil
678 1239 827 1306 continet
863 1239 929 1306 nisi
966 1239 1088 1308 bestias
1133 1247 1360 1314 monstruosae.

315 1334 431 1416 Quaere
453 1335 541 1404 infra
563 1337 605 1404 de
628 1338 792 1458 Chaldaea

739 1657 820 1724 Onr.
844 1657 938 1724 XIX.

626 1869 677 1934 Dc
704 1865 863 1936 Obcldcou
884 1866 929 1935 c'u
950 1865 1049 1935 Asia.

359 2079 537 2146 OHALDAEA
553 2080 646 2167 quasi
670 2080 836 2148 Gessidaea
851 2104 872 2146 a
888 2079 1009 2147 Oaseth
1023 2079 1093 2145 filio
1117 2079 1251 2145 Naehor
1265 2078 1362 2160 dicta,
1378 2090 1415 2143 or

314 2185 371 2270 qui
404 2185 507 2250 frater
540 2185 606 2250 fuit
637 2185 791 2266 Abrahae,
824 2189 864 2250 ut
896 2184 977 2250 dicit
1007 2184 1156 2249 Isidorus
1189 2183 1274 2248 libro
1298 2199 1360 2264 In,
1376 2159 1502 2213 cmm

312 2287 400 2352 unde
416 2286 564 2354 Ohaldeei
580 2288 662 2354 dicti
682 2292 761 2353 sunt
783 2287 840 2373 qui
855 2287 947 2374 prius
964 2286 1122 2354 Cassideei
1137 2286 1364 2366 vocabantur3

312 2394 347 2455 et
377 2395 427 2456 eet
461 2391 553 2478 regio
575 2392 722 2456 maxima
744 2392 809 2458 sita
819 2391 920 2476 juxta
943 2390 1144 2478 Euphraten,
1167 2391 1204 2454 in
1227 2412 1293 2475 qua
1314 2394 1365 2454 eet

311 2513 444 2579 campus
467 2493 623 2572 Durath,2
636 2494 673 2559 in
696 2516 761 2580 quo
784 2498 1008 2560 convenerunt
1030 2494 1181 2580 gigantes
1204 2497 1280 2579 post
1303 2492 1363 2556 Di-

311 2593 449 2676 luvium‚
473 2596 570 2661 etde
601 2596 737 2662 consilio
772 2595 936 2662 Nemroth
959 2595 1079 2661 turrim
1113 2595 1364 2661 aedificaverunt

310 2702 466 2764 vocatum
504 2697 617 2778 Babel,
650 2719 671 2762 a
709 2720 774 2784 qna
810 2697 928 2764 civitas
959 2697 1122 2762 edificate
1158 2701 1277 2763 vocata
1312 2700 1363 2762 eet

311 2799 471 2885 Babylon,
494 2800 583 2866 unde
605 2804 680 2866 tota
701 2800 791 2888 regio
815 2799 1000 2887 Babylonia
1030 2799 1067 2864 in
1088 2803 1258 2886 posterum
1279 2819 1364 2864 nun-

312 2907 459 2990 cupatur.

356 3001 514 3071 Orosius⁸
536 3001 618 3071 dicit
644 3001 774 3071 Ninum
805 3025 916 3093 regem
941 3002 1085 3093 primum
1107 3001 1207 3070 fluisse
1229 3001 1362 3089 Ascyri-

312 3127 416 3186 orum,
451 3128 517 3194 quo
549 3107 662 3187 occiso,
695 3127 779 3174 uxor
816 3107 887 3196 ejus
925 3105 1124 3188 Semiramis,
1146 3105 1251 3172 totius
1273 3104 1364 3172 Asiae

310 3209 432 3296 regina,
457 3207 676 3296 Babyloniam
699 3231 800 3296 quam
822 3208 1011 3296 Nemproth
1036 3209 1204 3295 inceperat
1225 3206 1364 3296 perfecit

310 3316 345 3378 et
367 3333 440 3377 eam
463 3311 645 3399 ampliavit,
670 3315 705 3378 et
727 3310 938 3391 instauravit,
955 3315 990 3376 et
1012 3309 1128 3376 urbem
1149 3307 1364 3395 principalem

311 3413 524 3502 Assyriorum
553 3411 668 3480 illam*
691 3413 850 3495 instituit,
874 3409 985 3498 quod⁶
1007 3412 1103 3478 stetit
1134 3410 1363 3478 inconcussum

311 3537 368 3602 per
389 3532 424 3580 rr.
447 3521 481 3581 et
504 3532 533 3582 c.
555 3521 590 3582 et
612 3532 725 3580 ann.
748 3535 861 3595 annos,
889 3535 991 3600 usque
1018 3513 1059 3578 ed
1092 3511 1362 3599 Sardanapalum,

313 3617 372 3704 qui
402 3618 568 3684 interfecit
590 3617 754 3684 Arbacem
776 3617 969 3706 praefectum
1001 3615 1183 3692 Medorum,
1208 3614 1296 3679 unde
1322 3613 1364 3681 de

312 3725 430 3786 eeetero
463 3721 562 3810 periit
593 3743 731 3808 regnum
762 3719 985 3806 Assyriorum.
1033 3716 1122 3782 Nam
1144 3739 1165 3781 a
1188 3715 1299 3805 Oyro⁶
1330 3721 1364 3782 et

313 3821 416 3888 Dario
439 3821 625 3908 Babylonia
655 3823 706 3888 ita
728 3826 779 3888 eet
801 3821 969 3886 destructa
1000 3819 1088 3904 quod
1114 3819 1175 3884 vix
1198 3817 1287 3884 credi
1308 3840 1365 3906 po-

311 3929 399 3990 terat
411 3925 502 4011 apud
523 3924 677 3990 mortales
693 3922 782 4010 quod
794 3927 864 3988 tarn
886 3920 982 3990 fortis
1004 3920 1124 3986 civitas
1139 3921 1211 4008 cepi
1233 3925 1365 4006 poeeet3

311 4026 378 4092 fuit
401 4026 490 4091 enim
519 4026 668 4091 omnium
690 4023 829 4091 mundi⁷
852 4024 1028 4090 civitatum
1053 4022 1171 4089 fortior
1194 4023 1230 4087 in
1253 4023 1363 4088 muris

313 4127 469 4194 Habebat
491 4125 626 4194 nutem⁸
647 4149 764 4214 aquam
789 4125 874 4193 circa
896 4147 930 4192 ee
952 4125 1110 4191 fluentem
1135 4125 1364 4212 praegrandem

343 4489 482 4560 ¹dmrrm]
501 4492 608 4544 (imenso
641 4491 671 4543 B.
895 4484 991 4554 ³quod]
1011 4500 1075 4553 que.
1108 4482 1173 4538 RD.

343 4559 439 4623 ‘Nota
456 4571 483 4621 in
500 4587 577 4638 marg.
613 4571 681 4622 an.
894 4567 995 4634 myro]
1013 4569 1092 4634 ryra
1124 4567 1155 4620 a
1309 4571 1311 4574 ·

343 4649 483 4717 Ὀνωὶω]
502 4650 612 4702 Erucius.
647 4651 678 4702 B.
894 4647 1009 4714 'mundi]
1028 4663 1077 4699 om.
1110 4647 1141 4699 B.

345 4728 444 4795 ‘iuamJ
462 4729 534 4780 illua
569 4729 599 4778 B.
894 4728 1006 4794 ἀνέτω]
1025 4728 1109 4784 enim..
1134 4727 1165 4778 B.
