3656 5800
605 881 790 937 nouorum
811 882 1066 940 Hrs'roartatm.
1293 876 1356 942 211

305 1059 511 1143 premuntur.
565 1055 657 1123 Tune
687 1055 821 1124 visum¹
855 1061 906 1126 est
927 1058 978 1124 illi
1013 1058 1110 1126 deam
1144 1061 1224 1127 ante
1247 1059 1358 1148 ipsum
1372 1078 1500 1136 mena.

305 1157 434 1225 aetam’
457 1164 491 1224 et
520 1159 584 1226 sibi
613 1160 651 1226 in
674 1160 762 1228 hume
791 1161 927 1228 modum
957 1161 1053 1228 affari
1064 1186 1120 1228 :-
1372 1149 1471 1211 roryoe

1370 1213 1457 1268 Brute.

351 1271 479 1354 Brute?
504 1275 567 1341 sub
597 1297 714 1342 occasu
739 1276 816 1342 solis
842 1282 934 1342 trans
965 1275 1109 1344 Gallion‘
1134 1299 1238 1365 regna

394 1377 509 1444 Insula
532 1379 569 1443 in
596 1378 727 1446 Oceano
754 1385 805 1445 est
828 1380 976 1466 nudique
1003 1381 1117 1448 clausa
1140 1382 1234 1461 mari,

350 1480 465 1546 Insula
489 1479 611 1547 Oeeani
640 1482 793 1548 habitata
818 1483 1013 1570 gigantibus
1040 1483 1130 1563 olim,

394 1583 493 1650 Nune
519 1585 648 1651 deserta
674 1585 815 1672 quidem,
843 1586 999 1673 gentibus
1024 1591 1104 1674 apta
1128 1587 1205 1653 tuis.

349 1685 447 1752 Hane
470 1693 555 1774 pete,
582 1710 725 1774 namque
751 1688 817 1753 tibi
847 1687 939 1754 sedes
964 1689 1028 1754 erit
1057 1690 1115 1754 illa
1139 1689 1299 1776 perennis,

394 1789 483 1855 Hine
509 1789 591 1855 fiet⁵
611 1791 700 1856 natis
727 1791 831 1856 altera
856 1791 953 1877 Troja
979 1793 1056 1873 tuis,

349 1890 439 1958 Hine
469 1893 509 1957 de
539 1889 652 1980 prole⁰
680 1898 741 1959 tua
771 1915 863 1980 reges
889 1893 1088 1976 nascentur,⁷
1111 1899 1145 1960 et
1169 1895 1250 1982 ipsis

392 1993 531 2060 Totius⁸
559 1999 657 2062 terrae
684 1995 836 2062 subditus
864 1997 951 2062 orbis
978 1997 1047 2063 erit

346 2109 420 2176 Tali
441 2112 568 2178 visione
591 2111 661 2177 dux
691 2112 940 2200 expergefaetus
969 2113 1130 2179 indubio
1163 2115 1286 2182 mansit
1307 2138 1353 2181 an

303 2213 436 2280 somnus
470 2213 579 2280 fuerat
618 2215 706 2300 quod
743 2213 840 2296 vidit,
874 2237 917 2280 an
955 2215 1018 2282 dea
1049 2217 1129 2282 viva
1160 2239 1239 2284 voce
1271 2240 1354 2306 prae-

302 2313 433 2382 dixerat
454 2317 597 2404 patriam
620 2339 720 2404 quam
742 2317 892 2384 aditurus
915 2323 1009 2400 erat;
1047 2320 1235 2408 vocatisque
1259 2321 1354 2388 sociis

302 2439 404 2484 naves
426 2419 520 2486 adiit.
582 2417 640 2486 Illi
673 2441 795 2508 magno
828 2421 950 2508 gaudio
982 2421 1180 2489 fluctuantes
1209 2423 1353 2512 patriam

301 2523 494 2610 promissam
526 2523 710 2610 inquirunt,
733 2544 865 2610 aequora
898 2525 1027 2590 suloant
1057 2547 1155 2591 eursu
1186 2544 1269 2594 xxx
1302 2527 1353 2593 di·

301 2647 413 2706 erum3
436 2625 572 2691 tandem
587 2626 734 2694 Africam
748 2625 899 2706 veniunt,
916 2625 1040 2693 neseii⁰
1062 2651 1217 2714 quorsum
1239 2652 1353 2718 proras

301 2733 477 2810 verterent,
501 2728 643 2796 veniunt
653 2727 678 2768 ¹⁰
709 2729 797 2794 enim
835 2728 879 2794 ad
916 2751 989 2795 aras
1023 2729 1276 2798 Philistinorum
1309 2733 1353 2800 ad

299 2837 428 2898 montes
450 2831 583 2913 Aram
625 2831 674 2896 ibi
712 2832 760 2898 ab'
793 2831 928 2898 incursu
965 2833 1151 2920 piratarum
1173 2835 1352 2924 periclitati

300 2941 387 3016 sunt,
411 2935 586 3001 victoriam
608 2933 743 3001 tandem
773 2931 896 3022 adepti,
920 2935 1032 3022 spoliis
1063 2951 1176 3002 eorum
1209 2943 1245 3005 et
1277 2962 1352 3028 oap-

300 3037 380 3104 tivis
403 3035 505 3104 ditati
535 3041 622 3103 sunt.
676 3035 820 3104 Refeotis
841 3037 984 3104 navibus
1007 3037 1174 3106 columnas
1198 3040 1352 3108 Hemulis

299 3140 486 3228 petierunt;
513 3137 561 3205 ibi
584 3139 725 3226 Syrenes
740 3139 941 3220 visebantur,
957 3162 1031 3228 quse
1053 3141 1228 3208 ambiendo
1250 3166 1352 3210 naves

300 3243 367 3310 fere
389 3245 476 3331 ipsas
504 3243 694 3310 obruerunt.
749 3241 834 3308 Inde
868 3243 971 3330 elapsi
1004 3243 1047 3310 ad
1078 3265 1191 3330 aequor
1212 3245 1351 3332 Tyrrhe-

300 3369 411 3414 naeum
438 3350 668 3434 pervenerunt.
711 3343 766 3410 Ibi
793 3345 897 3431 juxta
929 3345 1029 3412 litora
1062 3343 1262 3414 invenerimt
1284 3365 1350 3415 1111.

299 3451 528 3536 generationes
560 3449 601 3514 de
634 3448 787 3516 exulibus
810 3446 918 3534 Trojae
952 3452 1049 3530 ortas,
1074 3471 1147 3536 quaa
1171 3449 1350 3518 Antenoris

299 3552 413 3642 fugam
448 3553 615 3619 comitatae
641 3547 806 3616 fuerant.¹¹
862 3549 943 3615 Dux
976 3555 1089 3618 autem
1122 3551 1254 3619 illorum
1289 3553 1352 3621 Co·

357 3745 391 3752 ..,..
401 3745 459 3751 ----
473 3745 554 3750 .-..--.
563 3745 579 3750 ..
597 3745 603 3750 .
614 3744 688 3750 ...-.--
719 3743 724 3748 -
732 3743 743 3748 --
753 3745 758 3748 -
785 3743 809 3749 -
818 3743 824 3746 -
834 3743 849 3748 --
857 3743 885 3748 ..-
897 3743 1346 3756 -·-—-—--.—.-....——.-.....-...

333 3855 442 3920 ¹or'srrm]
456 3853 513 3904 visi.
549 3851 578 3905 Ο.
850 3865 950 3903 erasure
961 3852 988 3902 in
997 3852 1028 3902 B.
1063 3853 1134 3905 Istud
1146 3854 1350 3910 verificatumest

331 3933 447 4001 ’urard
461 3943 533 3984 sure.
566 3929 633 3983 B.D.
849 3930 877 3980 in
898 3931 989 3983 Belino
1011 3945 1070 3998 rege
1092 3940 1117 3984 et
1139 3933 1298 3988 Maximiano
1324 3946 1350 3989 et

332 4011 446 4080 Ἐνυὼ]
470 4013 558 4064 Bruta
595 4013 625 4062 0.
659 4010 799 4075 Responsio
851 4011 1014 4062 Constantino
1036 4013 1088 4063 filio
1117 4012 1215 4066 Semta
1243 4015 1349 4069 Helena

298 4091 396 4145 Diana.
425 4093 453 4144 in
481 4105 560 4158 marg.
589 4090 623 4142 A.
649 4088 745 4142 Versus
771 4090 799 4140 in
847 4097 873 4142 et
892 4091 1015 4143 Arthuro.
1034 4091 1061 4142 in
1079 4107 1159 4159 marg.
1179 4095 1209 4147 B.
1229 4096 1257 4146 in
1274 4099 1349 4148 adif-

298 4188 376 4239 marg.
388 4171 421 4224 D.
846 4171 929 4224 terent
945 4173 1014 4223 hand
1033 4173 1094 4238 (si)
1106 4173 1175 4224 from
1194 4175 1249 4227 that
1259 4177 1289 4227 of
1304 4179 1347 4230 the

331 4255 422 4304 ‘trans
469 4249 581 4318 Goaria]
617 4249 796 4318 'Irsnsgalliea
846 4258 915 4312 tem
939 4251 982 4304 the
1009 4252 1058 4304 last
1073 4261 1124 4304 two
1146 4257 1228 4306 words
1249 4256 1346 4324 haring

299 4333 429 4385 A.B.C.D.
712 4361 717 4366 -
845 4333 909 4382 been
921 4332 1002 4382 added
1010 4333 1188 4400 subsequently
1195 4343 1222 4386 to
1231 4335 1274 4386 the
1289 4351 1345 4402 pre·

331 4413 406 4479 ’Μ
419 4412 487 4464 flent.
503 4413 531 4464 C.
847 4412 945 4478 reding,
958 4414 1066 4478 perhaps
1077 4415 1113 4480 by
1124 4415 1230 4466 another
1239 4417 1315 4470 hana

317 4490 429 4562 ’‘proie]
443 4493 528 4556 probe.
565 4492 594 4542 C.
879 4493 988 4559 'nesrii]
1001 4493 1123 4544 nesciunt,
1156 4493 1188 4545 B.

331 4572 497 4639 'ammiud
546 4573 671 4622 nieestur.
730 4569 796 4622 ΑΩ.
880 4571 899 4602 ¹⁶
910 4573 985 4624 neorii
1005 4587 1115 4638 quor-eam
1133 4611 1139 4624 .
1156 4610 1164 4626 .
1182 4611 1189 4628 .
1207 4609 1216 4627 .
1231 4577 1343 4646 veniunt]

298 4649 367 4704 Nota
375 4652 402 4701 in
412 4665 493 4717 marg.
505 4651 681 4703 A.inrnbrie.
845 4667 893 4702 om.
930 4652 958 4703 c.

330 4729 460 4797 ‘Toriur.]
480 4731 537 4781 The
556 4733 622 4781 orius
637 4730 799 4781 writtenina
868 4730 1023 4796 infremat]
1043 4739 1107 4783 sunt
1142 4733 1211 4784 RD.
1241 4733 1283 4786 De
1297 4737 1346 4788 Co-

298 4809 414 4864 merent
432 4809 501 4862 hand
520 4809 585 4863 from
602 4809 645 4862 the
655 4817 711 4862 text
721 4825 754 4861 on
764 4825 799 4860 an
821 4879 825 4888 Ι
846 4809 937 4864 rinao.
954 4809 982 4860 in
992 4825 1071 4875 marg.
1082 4810 1113 4862 B.

1151 4896 1218 4958 02
