3656 5800
600 899 785 950 numcrun
808 899 1055 950 mercantium
1283 891 1349 964 257

295 1063 459 1132 nutrierat
488 1070 523 1131 et
552 1068 652 1132 armis
681 1070 899 1138 decoraverat.
956 1074 1022 1139 Hic
1052 1075 1086 1140 in
1112 1081 1241 1142 tantam
1267 1080 1348 1143 ami·

297 1165 407 1231 citiam
440 1167 663 1235 Romanorum
695 1171 864 1252 inciderat,
904 1179 943 1240 ut
976 1176 1004 1240 si
1042 1177 1151 1257 vellet,
1182 1180 1346 1246 tributum

297 1287 408 1334 eorum
431 1276 540 1356 posset
562 1272 758 1353 detinuisse3
782 1275 885 1362 gratis
908 1281 1019 1342 tamen
1041 1279 1195 1347 reddidit.

698 1554 775 1622 cir.
794 1555 942 1622 XXVII.

342 1741 386 1808 IN
423 1742 539 1809 diebus
577 1743 645 1808 anis
680 1748 778 1808 natus
815 1747 866 1809 est
901 1742 1063 1808 Dominus
1099 1740 1221 1808 Noster
1250 1739 1347 1806 Jesus
1360 1755 1475 1834 Bianor

297 1843 455 1925 Christus,
483 1847 576 1932 cujus
601 1845 745 1932 pretioso
772 1845 931 1934 sanguine
956 1845 1136 1909 humanum
1160 1864 1265 1930 genus
1298 1865 1348 1908 re-
1361 1823 1452 1875 curat.

294 1945 464 2033 demptum
485 1953 543 2028 eet,
564 1948 653 2035 quod
673 1953 751 2016 ante
772 1953 846 2016 acto
865 1953 1013 2036 tempore
1028 1947 1216 2014 daemonum
1231 1950 1348 2013 catena

294 2047 509 2135 obligabatur.

339 2148 561 2236 Kymbelinus
592 2173 666 2218 oum
703 2169 735 2218 x.
766 2151 863 2218 annia
893 2151 1103 2217 Britanniam
1133 2151 1347 2237 gubernasset

293 2251 376 2319 duos
404 2254 522 2340 genuit
552 2254 645 2334 filios,
678 2277 817 2341 quorum
843 2255 970 2343 primus
1001 2253 1135 2320 Gwider
1156 2253 1344 2334 vocabatur,

291 2355 453 2422 secundus
482 2355 614 2424 autem¹
651 2357 853 2446 Arvimgus3
882 2358 954 2445 ipso
984 2355 1169 2424 discedente
1200 2356 1347 2443 sepultus

292 2461 343 2523 est
369 2457 412 2522 ad
441 2453 694 2524 Trinouantum.

329 2574 510 2647 Kymbelinua
528 2575 581 2631 ruit
599 2577 677 2632 miles
696 2581 825 2634 strenuus
843 2595 925 2650 quem
943 2579 1089 2646 Augustus
1108 2575 1200 2632 Cesar
1214 2577 1347 2632 nutrierat

292 2663 319 2712 et
339 2657 421 2714 armis
441 2657 619 2715 decoraverat.
658 2659 760 2715 Hicin
780 2665 889 2716 tantam
907 2661 1053 2717 amicitiam
1074 2659 1260 2716 Romanorum
1280 2660 1347 2716 inci·

293 2739 368 2795 derat
386 2745 428 2807 ut,
446 2757 510 2798 curn
529 2746 620 2814 posset
637 2743 774 2800 tributum
795 2761 889 2800 eornm
908 2744 1034 2809 detinere,
1059 2743 1143 2814 gratis
1163 2743 1346 2816 impendebat.

292 2823 326 2878 ln
351 2823 447 2880 diebus
478 2825 531 2881 illis
555 2829 638 2882 natus
665 2831 706 2884 est
731 2827 869 2883 Dominus
899 2827 982 2884 Jesua
1007 2825 1143 2894 Christus,
1169 2843 1247 2883 χιιι.
1272 2845 1346 2883 anno

291 2908 368 2980 regni
400 2907 529 2980 Augusti,
565 2909 674 2976 scilicet,
713 2909 863 2976 Octaviani,
895 2927 972 2966 xxx.
1004 2927 1077 2966 anno
1108 2911 1185 2983 regni
1220 2910 1345 2976 Herodis,

291 2995 372 3048 nocte
396 2991 548 3048 Dominicae
568 2991 629 3060 diei,
649 3013 682 3048 ex
704 2993 768 3050 finis
788 2993 863 3060 Seth,
876 2994 1003 3051 universo
1022 2993 1086 3048 orbe
1104 2997 1199 3064 pacato
1220 3011 1293 3049 anno
1312 2994 1346 3048 ab

292 3076 367 3132 Urbe
382 3075 493 3135 condita
511 3092 637 3143 nccnrr„
650 3094 722 3133 anno
735 3077 827 3135 Beate
840 3077 962 3148 Virginis
982 3093 1162 3142 x1111.‚anno
1179 3075 1214 3131 ab
1234 3075 1347 3146 Origine

292 3158 393 3215 Mundi
412 3160 533 3232 quinque
550 3159 694 3216 millesimo
717 3178 742 3216 c.
755 3160 933 3233 nonagesimo
950 3177 1034 3216 nono.
1071 3159 1217 3214 Fluxerant
1234 3158 1346 3230 quidem

290 3241 325 3298 ab
361 3241 520 3298 Habraham
558 3259 665 3298 ranan.
693 3243 846 3300 secundum
876 3243 964 3299 Lxx.
992 3242 1163 3314 Interpretea,
1194 3241 1345 3298 secundum

293 3325 424 3381 Hebraeos
448 3325 537 3380 multo
554 3327 704 3398 pauciores.
741 3327 875 3400 Tempore
900 3345 956 3399 qno
980 3329 1124 3381 natusest
1149 3323 1276 3380 Christus
1295 3325 1346 3380 boa

289 3409 319 3466 in
344 3407 440 3476 Roma,
470 3426 560 3480 agnus
586 3410 615 3466 in
639 3409 763 3482 AEgypto
786 3409 909 3466 bumana
938 3407 1004 3466 roae
1026 3410 1136 3464 loeutus
1160 3412 1219 3473 est;
1251 3407 1346 3464 Βοωω

290 3493 437 3565 Templum
461 3492 538 3548 Pacis
557 3492 684 3549 funditus
708 3493 818 3550 corruit.
857 3492 974 3548 Romani
993 3510 1043 3564 pro
1062 3509 1128 3564 pace
1147 3491 1265 3563 perfecte
1284 3509 1345 3564 quae

289 3580 348 3632 toto
371 3576 430 3634 orbi
454 3577 506 3634 sub
530 3575 660 3650 Augusto
684 3576 790 3634 Caesare
810 3577 979 3642 imminebat,
999 3575 1146 3647 Templum
1171 3574 1249 3630 Pacis
1271 3575 1345 3629 miri-

289 3659 374 3715 ficum
392 3665 609 3726 construxerant,
628 3659 736 3733 dequo
754 3662 927 3716 consulentes
945 3657 1078 3732 quamdiu
1096 3657 1214 3720 duraret,
1234 3675 1345 3729 respon-

289 3761 351 3800 sum
373 3749 430 3800 est:
461 3743 557 3800 Donec
575 3743 653 3816 virgo
673 3743 768 3816 pariat.
814 3743 871 3804 Qui
890 3741 1040 3814 gaudentes
1060 3741 1229 3798 munerant:
1256 3740 1346 3812 Igitur

289 3827 340 3882 en't
363 3827 392 3881 in
416 3830 557 3884 aeternum.
595 3825 651 3884 Sed
668 3827 698 3882 in
715 3827 763 3884 ills
779 3827 848 3884 hora
865 3825 1025 3884 Natiuitatis
1043 3824 1195 3882 Dominiooe
1218 3823 1345 3882 tunnas

290 3910 398 3968 oorrnit.
436 3907 533 3983 [M]

335 4010 469 4076 Mortuo
498 4009 704 4097 Kymbelino
730 4009 819 4076 filins
845 4009 917 4097 ejus
948 4007 1085 4076 Gwider
1110 4009 1263 4095 regnavit
1285 4029 1345 4096 pro
1356 4021 1489 4089 Kymben·

288 4133 336 4180 eo,
385 4113 453 4179 Hic
464 4117 569 4180 tantae
588 4111 749 4200 superbiae
771 4111 837 4178 iuit
861 4112 949 4198 quod
971 4111 1136 4178 tributum
1159 4109 1345 4177 Romanum
1357 4103 1494 4220 ἓξὲξ]

288 4215 483 4296 suffocavit;
517 4214 708 4302 supervenit
739 4214 899 4282 Claudius
923 4213 980 4300 qui
1006 4213 1043 4278 in
1069 4213 1245 4300 imperium
1269 4213 1346 4279 sub
1359 4220 1469 4276 Grion.

288 4323 425 4404 rogatus
454 4317 571 4384 suerat
634 4315 774 4383 Claudio
809 4317 991 4404 indignato,
1023 4335 1182 4401 magnum
1212 4337 1346 4402 congre-

289 4418 383 4505 gavit
403 4419 585 4486 exercitum
599 4441 715 4486 versus
731 4417 943 4484 Britanniam
959 4439 993 4484 ae
1014 4417 1200 4505 disponens,
1217 4417 1260 4482 ad
1274 4439 1346 4482 eam

289 4521 556 4608 expugnandam.
603 4519 762 4588 Gwider⁹
778 4540 866 4599 vero,
882 4520 1063 4586 exercitum
1078 4519 1242 4606 colligens,
1258 4541 1347 4606 mag-

324 4767 435 4835 'antem]
454 4785 503 4822 orn.
537 4771 602 4824 nu.
627 4798 630 4802 ,
822 4770 830 4840 Ι
876 4771 1010 4838 ’θιιίόεν]
1031 4771 1188 4838 Gwyderius.
1223 4771 1254 4823 B.

376 4869 451 4920 VOL.
468 4869 505 4922 11.
1193 4869 1217 4918 R
