3656 5800
446 727 523 792 296
754 737 937 788 eomomu
962 737 1209 786 ursronmnmr

296 913 419 976 Thepro·
503 911 782 999 Supervenientc¹
808 916 976 978 senectute
1008 911 1191 978 efficientur
1212 909 1395 974 submcrini
1419 909 1507 974 lnoes

293 979 418 1096 piperpof
350 1045 368 1094 li
337 1061 394 1096 rm
458 1020 559 1101 atque
581 1014 786 1080 submorincs
808 1014 946 1080 insidiae
969 1014 1255 1093 machinabantur,

503 1117 725 1204 Submergent
762 1116 920 1182 novalio²
954 1119 989 1182 et
1027 1120 1201 1204 argentum
1234 1136 1301 1182 non
1334 1113 1509 1178 minimum

459 1218 730 1306 congregabunt³

506 1321 700 1386 Fluctunbit
722 1321 845 1388 iterum
875 1320 1056 1399 Tomensis,
1088 1318 1343 1405 convocatisque
1366 1317 1512 1384 flumini·

461 1423 523 1488 bus
551 1422 641 1488 ultro
663 1429 768 1490 metae
792 1423 878 1488 alvei
902 1423 1067 1510 procedet,

507 1525 616 1590 Urbes
645 1525 771 1592 vicinus
811 1525 1000 1605 occultabit,
1023 1523 1255 1611 oppositosque
1282 1529 1412 1588 montes
1433 1522 1511 1588 sub·

460 1633 579 1708 vertet,

508 1729 694 1798 Adhibebit
723 1730 789 1798 sibi
826 1731 949 1798 iontem
982 1727 1148 1810 delabor
1187 1729 1272 1796 dolo,
1291 1733 1326 1794 et
1361 1728 1512 1814 nequitia

460 1833 599 1920 repleti,⁶

507 1935 665 2002 Orientur
706 1957 748 2002 ex
785 1957 823 2002 eo
863 1935 1041 2002 seditiones
1078 1938 1295 2022 provocantes
1325 1933 1512 2058 Venedotoo

461 2039 505 2104 cd
528 2039 653 2124 proelm

507 2140 716 2208 Conuenient
745 2163 917 2208 nemorum
947 2142 1066 2208 roboro
1095 2145 1130 2207 et
1172 2163 1245 2206 cum
1276 2139 1365 2204 sexis
1402 2138 1512 2206 Getri-

461 2266 592 2310 seorum
614 2240 878 2332 congregentur,⁰

505 2348 689 2414 Advolebit
719 2371 835 2414 corvus
862 2371 937 2414 oum
961 2349 1072 2414 milvis
1102 2354 1137 2415 ct
1163 2369 1299 2434 corporo
1328 2353 1512 2434 perempto·

460 2473 534 2516 rum
557 2451 738 2516 devorubit.

506 2553 613 2639 Super
638 2574 751 2618 muros
778 2552 930 2619 Claudio·
933 2553 1074 2621 Oestriee
1098 2553 1285 2620 nidificabit
1306 2553 1394 2618 bubo
1418 2552 1485 2670 et
1477 2575 1514 2618 m

460 2655 540 2720 nido
562 2676 622 2719 suo
644 2655 868 2741 procreabitur
890 2655 1011 2736 asinus,

506 2755 672 2822 Eduoebit
702 2757 797 2822 illum
816 2779 947 2845 serpens
978 2757 1173 2826 Molverniae
1197 2758 1268 2825 et
1258 2780 1295 2822 ιιι
1318 2757 1426 2845 plures
1456 2757 1512 2823 do·

460 2859 510 2926 los
533 2859 762 2937 commovebit,
1396 2945 1399 2954 Α

507 2962 647 3050 Sumpto
684 2962 870 3028 diedemate
900 2963 1112 3030 transcendet
1151 2963 1278 3032 excelsu
1318 2969 1353 3029 et
1382 2963 1514 3029 horrido

460 3063 682 3133 rechinnctu⁷
712 3065 870 3154 populum
899 3068 1016 3154 petriae
1039 3066 1187 3134 terrebit.

508 3169 550 3234 In
577 3168 694 3236 diebus
735 3168 808 3254 ejus
840 3168 1039 3236 titubabunt
1068 3175 1200 3235 montes
1224 3167 1353 3234 Pccccii
1379 3173 1414 3234 et
1443 3189 1517 3256 pro·

462 3273 579 3340 vinoiae
602 3271 791 3338 nemoribus
813 3270 881 3338 suis
903 3273 1143 3359 spoliabuntur,

508 3375 727 3464 Superveniet
758 3375 879 3440 vermis
904 3375 992 3464 ignei
1022 3375 1198 3455 anhelitus,
1229 3375 1287 3461 qui
1311 3374 1428 3440 emisso
1458 3395 1517 3440 vu·

462 3501 541 3566 pore
564 3479 734 3544 comburet
755 3477 895 3554 arbores,

508 3581 732 3668 Egredientur
767 3600 810 3647 ex
843 3601 881 3645 eo
917 3595 978 3646 vll.
1009 3581 1120 3647 leones
1157 3579 1322 3667 capitibus
1352 3579 1516 3645 hircorum

467 3683 645 3770 deturpati,

509 3786 644 3852 Foetore
670 3783 801 3850 nerium
840 3780 993 3852 mulieres
1028 3789 1279 3872 corrumpentur
1305 3789 1340 3850 et
1369 3783 1518 3871 proprias

464 3911 653 3956 communes
679 3887 810 3970 socient,

498 4189 720 4256 ¹Superveuierte]
739 4199 807 4240 vero.
825 4189 882 4238 udd.
917 4181 951 4236 D.
989 4197 992 4246 f
1046 4183 1164 4252 ¹repleb]
1183 4183 1298 4248 repletus.
1333 4181 1398 4232 B.D.

496 4268 757 4414 ΞᾚΞΞΣἭΜ
765 4267 991 4412 coff'mb..
911 4345 966 4396 ,m
989 4299 1245 4432 'Biiomymffl
1315 4297 1515 4364 congredientur.

465 4429 607 4574 BDsontem
621 4503 745 4572 muto]
764 4503 833 4556 fonto
847 4501 965 4555 Guluhen
1048 4499 1148 4552 ’rinect
1149 4497 1223 4565 ncta]
1263 4495 1298 4548 So
1321 4493 1450 4549 Annon
1474 4493 1518 4544 the

464 4589 499 4640 A.
545 4587 626 4639 sontes
646 4586 763 4640 Gulubcs
809 4584 839 4635 B.
881 4583 1025 4634 rontesr
1048 4580 1155 4646 perhaps
1175 4575 1331 4630 corrected
1323 4589 1350 4624 ιιι
1352 4581 1423 4626 toa
1444 4573 1519 4624 cin

465 4669 583 4724 Galahes
619 4667 653 4719 D.
1010 4659 1044 4711 A.
