3656 5800
625 911 809 966 aunocruu
830 912 1080 967 nrsnonrssuu.
1307 899 1371 964 265

323 1103 439 1170 gerens
468 1083 524 1150 se¹
545 1083 656 1152 inter²
683 1085 837 1154 Britones
860 1087 897 1153 in
919 1087 1013 1154 brevi
1039 1091 1186 1174 tempore
1208 1084 1375 1152 extinctam
1386 1097 1512 1148 Deathof

322 1189 380 1250 est
438 1185 513 1252 Hoc
541 1187 713 1254 audientes
744 1189 885 1256 Romani
915 1189 1018 1256 alium
1048 1194 1229 1276 tyrannum
1260 1187 1371 1254 crude·
1387 1166 1503 1280 ἓξζθῇξζ

323 1289 438 1356 liorem
462 1291 540 1360 illuc
555 1294 724 1376 miserunt,
741 1295 842 1362 Allek
865 1296 1008 1362 nomine.
1047 1295 1114 1361 Hic
1140 1295 1242 1362 etiam
1269 1293 1376 1358 multa
1389 1297 1456 1348 AD-
1469 1303 1526 1346 21¹·

324 1393 412 1459 mala
440 1394 519 1460 iecit
549 1396 586 1461 in
610 1397 797 1476 Britannia,
817 1403 851 1464 et
874 1399 925 1464 ita
954 1404 1032 1464 saint
1063 1399 1216 1464 Britones
1244 1395 1377 1462 deducti

324 1495 412 1582 quod
436 1499 631 1565 necessitate
653 1499 813 1588 compulsi
833 1523 945 1589 regem
968 1501 1199 1568 Britannicum
1226 1500 1290 1566 sibi
1314 1500 1377 1566 elc-

323 1599 553 1787 {em34qui’
581 1601 794 1690 Ascliopades
823 1604 1012 1671 vocabatur.
1062 1603 1172 1692 [Alias
1202 1603 1376 1690 Asclepeo·

348 1706 429 1767 otus.

360 1827 500 1884 Defuncto
526 1827 613 1886 Lucio
637 1830 695 1886 sine
718 1829 823 1888 haerede
847 1831 982 1905 Brytonss
1005 1831 1202 1889 rebellaverunt
1227 1829 1376 1895 Romanis3

324 1910 373 1966 sed
388 1912 534 1984 imperator
557 1913 673 1970 Severus
692 1913 804 1971 veniens
827 1915 857 1970 in
878 1915 1059 1990 Brytanniam
1074 1935 1139 1973 cnm
1160 1915 1269 1972 duabus
1293 1915 1377 1986 legio·

323 1995 406 2051 nibus
424 1995 495 2052 bello
514 1997 741 2068 perdomuisse,
760 2005 788 2056 et
809 2017 875 2056 oum
898 2018 914 2056 a
932 2000 1065 2073 Fulgenio
1087 2000 1157 2056 duce
1178 2000 1318 2056 Pictorum
1337 1999 1378 2052 in·

322 2079 474 2147 testaretur,
493 2081 557 2138 feeit
575 2083 681 2140 vallum
691 2083 763 2139 inter
780 2083 892 2140 Beiram
907 2088 935 2140 et
954 2084 1100 2140 Albaniam
1118 2103 1135 2140 a
1153 2085 1224 2140 Mari
1245 2081 1378 2139 Orientali
1390 2097 1487 2142 severm

323 2164 465 2238 usquead
484 2165 560 2222 Mare
579 2165 762 2233 Occidentale,
782 2168 884 2224 scilicet
908 2167 942 2224 de
961 2167 1043 2226 Novo
1062 2167 1159 2224 Castro
1178 2185 1260 2240 super
1277 2166 1377 2221 Tinam
1389 2146 1546 2242 ffl'ffu

324 2266 412 2322 usque
432 2248 590 2316 Carlioium,
603 2250 679 2324 quod
703 2252 793 2308 multo
816 2257 938 2324 tempore
956 2259 1020 2324 post
1037 2252 1161 2308 hostium
1185 2269 1309 2308 accessus
1334 2247 1378 2304 de·
1390 2249 1496 2310 satiato

323 2332 408 2388 tinuit
415 2355 424 2399 ;
442 2339 537 2405 postea
554 2353 618 2391 vero
636 2335 671 2390 ab
688 2335 785 2392 eodem
798 2335 929 2408 Fulgenio
948 2336 1023 2409 apud
1036 2335 1191 2392 Eboracum
1207 2334 1340 2392 occiditur
1352 2338 1379 2390 et
1390 2299 1499 2395 walis.

324 2417 362 2473 ibi
382 2418 525 2490 sepelitur;
545 2419 593 2492 qui
610 2419 720 2492 reliquit
738 2419 809 2476 duos
827 2419 908 2486 filios,
927 2420 1045 2486 sicilicet,
1059 2419 1225 2476 Bassianum
1242 2423 1380 2483 ex,matre

326 2501 484 2560 Britannica
506 2508 534 2559 et
555 2502 656 2560 Getam
675 2521 709 2560 ex
728 2509 816 2560 matre
838 2503 972 2561 Romana.
1010 2503 1177 2560 Bassianum
1201 2502 1328 2560 Britsrmi
1352 2507 1380 2558 et

324 2586 465 2658 elegerunt
484 2585 514 2640 in
532 2604 633 2660 regn,
654 2586 753 2644 Getam
776 2588 954 2660 abnegantes.
992 2587 1175 2644 Postmodum
1193 2587 1288 2644 iratres
1306 2604 1380 2642 com-

324 2669 420 2726 misere
442 2687 574 2744 pugnam,
596 2670 671 2727 unde
695 2671 765 2728 Geta
786 2671 956 2737 interficitur,
977 2671 1128 2728 Bassianus
1151 2689 1240 2744 regno
1265 2671 1378 2742 potitur.
1391 2690 1520 2736 numeror

326 2753 475 2810 Bassianus
495 2771 542 2810 rex
565 2754 725 2812 interiectus
746 2761 788 2812 est
809 2773 826 2810 a
847 2755 989 2822 Caraucio,
1007 2755 1164 2812 faventibus
1184 2754 1235 2810 sibi
1260 2753 1379 2811 Britoni·
1391 2741 1493 2837 ffifflm

325 2837 386 2894 bus.
431 2837 487 2894 Iste
518 2837 667 2894 Carsucnu
691 2839 721 2894 in
753 2840 897 2896 Britannis
927 2858 960 2896 cx
993 2839 1089 2895 infima
1119 2843 1201 2912 gente
1223 2845 1379 2912 procreatus
1412 2823 1418 2836 ’
1440 2823 1447 2837 ’
1495 2825 1500 2837 ’

325 2937 389 2977 cum
405 2922 568 2994 probitatem
592 2939 673 2980 suam
690 2922 721 2978 in
744 2923 841 2980 multis
866 2923 1094 2980 debellaticnibus
1115 2923 1296 2980 examinasset
1319 2940 1381 2994 pre·

324 3005 413 3064 iectus
431 3011 472 3062 est
497 3005 623 3072 Romam,
641 3006 792 3080 petivitque
815 3012 947 3064 asenatu
967 3012 1001 3064 ut
1024 3008 1161 3062 maritima
1179 3007 1328 3062 Britanniae
1346 3006 1380 3062 ab

325 3089 479 3146 incursione
501 3089 641 3146 barbam
651 3094 782 3157 tiseretur,
807 3089 883 3164 quod
901 3109 965 3146 cum
983 3091 1155 3164 impetrasset
1178 3109 1243 3146 mcx
1262 3091 1380 3146 collectis

326 3173 445 3230 navibus
471 3173 593 3230 accersiit
617 3173 669 3230 sibi
690 3191 820 3247 magram
840 3175 971 3231 virtutem
991 3173 1146 3246 juventutis
1166 3173 1269 3246 patrie.
1307 3171 1380 3229 Con·

326 3260 449 3318 fluebant
469 3261 551 3316 etiam
568 3259 604 3316 ad
623 3260 702 3316 illum
720 3277 815 3317 omnes
836 3259 884 3334 qui
902 3261 990 3316 aliena
1007 3259 1184 3326 anhelabant,
1195 3265 1223 3316 et
1241 3260 1380 3332 ingressus

326 3363 400 3402 mars
422 3344 518 3402 ouon
540 3345 633 3402 omnia
652 3345 733 3402 litora
748 3345 835 3416 regni,
854 3350 881 3400 et
899 3345 1054 3400 tumultum
1071 3361 1205 3417 magnum
1225 3361 1273 3416 per
1293 3361 1380 3414 popu·

325 3429 385 3484 lum
403 3429 526 3502 iaciebat.
563 3427 670 3486 interea
687 3429 717 3485 in
732 3427 996 3500 conprovincialibus
1014 3427 1128 3483 insimul
1148 3427 1283 3500 apopulo
1300 3443 1380 3499 agros

327 3513 497 3586 populando,
523 3513 646 3570 civitates
669 3519 697 3570 et
719 3512 801 3570 urbes
826 3511 970 3578 diruendo,
994 3511 1089 3567 incolis
1113 3511 1206 3568 omnis
1236 3529 1287 3566 sua
1311 3510 1379 3566 deri-

327 3599 433 3673 piebat:
458 3597 571 3656 tandem
596 3597 813 3670 gubernaculum
831 3595 908 3669 regni
930 3594 1057 3668 suscepit.
1102 3593 1187 3650 Hunc
1208 3593 1307 3650 occidit
1330 3594 1513 3650 Al-csramius

325 3686 420 3750 rem,
435 3683 563 3739 matun
581 3687 678 3739 senam
690 3699 754 3738 eum
769 3681 859 3737 mbas
875 3679 1038 3753 legionibus,
1052 3679 1099 3752 qui
1113 3679 1261 3736 mimam
1275 3677 1377 3735 aaron
1388 3655 1548 3751 fffflfflby

325 3767 420 3824 intulit
438 3766 607 3833 Britonibus,
619 3765 685 3840 quia
696 3764 817 3822 masan
837 3763 960 3820 Oaraueii
978 3763 1167 3828 sdhoeserunt;
1187 3781 1270 3836 quem
1281 3755 1499 3818 omittit-1³³⁰&

326 3850 550 3924 Asclepeodotus,
566 3849 623 3906 dax
648 3849 804 3915 cornubie,
818 3867 900 3921 quern
920 3847 1047 3904 Britones
1064 3853 1207 3904 enesaunt
1229 3848 1258 3902 in
1278 3865 1379 3920 regem,

327 3933 520 4007 communique
544 3951 659 3991 maenaa
690 3933 829 3990 Allectum
853 3949 917 3988 cum
940 3932 1036 3988 multis
1060 3930 1171 3986 milibus
1197 3934 1492 4002 perememnttlleetus

329 4017 441 4075 Gallum
465 4017 546 4074 etiarn
571 4017 677 4074 socium
700 4017 760 4090 ejus
783 4017 812 4070 in
833 4013 978 4070 Londonia
1001 4013 1204 4071 decollaverunt
1225 4033 1306 4087 super
1323 3987 1508 4090 tor-ffliflssia

327 4109 441 4168 rentem,
454 4119 516 4175 quae
534 4107 630 4174 poetes
648 4100 682 4157 de
700 4099 811 4156 nomine
829 4097 907 4156 dnus
931 4098 1095 4156 Gallebrock
1111 4105 1295 4171 nuncupatur,
1313 4099 1378 4154 alias
1388 4087 1497 4184 ΨΜ

327 4187 469 4244 Walbrck.
504 4184 692 4258 'Itiumphatis
711 4183 843 4241 &manis
862 4182 1077 4254 Asclepeodotus
1095 4184 1178 4255 coepit
1194 4187 1309 4239 nectare
1331 4203 1379 4256 pa·

326 4272 407 4330 niam
424 4275 499 4327 recta
518 4269 629 4344 justitia
652 4273 679 4324 et
703 4285 776 4342 paca.
814 4266 849 4322 In
874 4265 969 4324 diebus
990 4267 1048 4340 ejus
1068 4271 1128 4324 orta
1151 4273 1193 4323 est
1216 4267 1380 4324 Diocletiani

326 4355 496 4432 imperatoris
515 4353 745 4428 persecutioque
766 4350 821 4408 iere
836 4349 924 4407 dena
945 4349 999 4408 iuit
1021 4349 1212 4408 christianitas
1235 4351 1265 4407 in
1280 4351 1379 4418 insula,

329 4539 744 4551 -———--——-—-—--—.
1110 4535 1375 4545 ...n-...M

362 4669 420 4735 'se]
433 4683 483 4720 om.
516 4669 581 4720 BD.
910 4660 1006 4714 ‘Alae
1027 4659 1234 4730 Asclepeodotas]
1258 4663 1314 4714 add.
1347 4661 1378 4714 B.

359 4749 455 4814 ἰ’πιεν]
469 4747 503 4800 in.
536 4748 602 4800 RD.
878 4740 1161 4801 inelaterhandtban
1174 4743 1216 4794 the
1227 4749 1288 4795 text.

361 4823 436 4894 Ἱππ]
456 4824 593 4880 Inserlined
604 4825 629 4878 in
642 4825 669 4876 A
