3656 5800
493 903 557 976 276
799 913 980 966 uunooruu
1003 911 1253 964 ursronrmun.

325 1101 454 1166 Imprion
495 1113 598 1156 annos
622 1091 658 1156 in
683 1111 812 1157 summa
834 1111 913 1178 peoe
939 1089 1074 1154 taudem
1104 1087 1246 1152 inimicis
1276 1087 1547 1154 circumvalletur

321 1167 482 1296 mim
495 1199 530 1260 et
559 1217 580 1260 a
617 1179 733 1282 patriis
764 1191 1070 1277 circumjacentibus
1106 1187 1337 1277 expusfflt¹¹⁸¹
1377 1189 1427 1255 Μ
1456 1191 1546 1276 ‘1⁰⁰⁶

323 1301 403 1354 soom
493 1295 615 1362 nesoit²
652 1317 718 1382 que
747 1299 841 1382 perte
878 1293 1000 1360 diverti
1014 1289 1045 1374 3³
1079 1291 1210 1374 scilieet,
1241 1313 1262 1356 a
1292 1291 1403 1370 Pictis,
1435 1291 1545 1370 Deois,

493 1397 624 1480 Scottis,
650 1403 684 1462 st
710 1396 859 1484 pluribus
885 1395 968 1462 eliis.

324 1506 484 1573 hndinros
537 1499 625 1566 Casu
654 1504 766 1565 sutem
796 1497 934 1564 fortuito
962 1500 1127 1562 venerunt
1153 1501 1221 1562 tres
1244 1495 1363 1563 oiuw
1394 1495 1435 1562 de
1460 1496 1543 1562 Ger-

326 1572 352 1621 11
492 1603 603 1667 menis
631 1601 737 1688 plenae
761 1600 948 1666 hominibus
974 1598 1109 1664 ermetis
1136 1595 1275 1684 (oiules⁵
1301 1598 1415 1686 longus
1441 1620 1542 1664 neves

324 1707 472 1762 enim
493 1705 686 1792 vocemus);
710 1707 874 1770 venerunt
903 1699 1026 1768 etinm⁸
1051 1700 1088 1766 in
1111 1698 1286 1788 portibus⁷
1312 1699 1543 1768 Doroborniae»

493 1827 568 1892 quae
607 1826 695 1871 nuno
727 1803 909 1871 Gentesne
949 1807 1095 1881 vooutur,
1136 1801 1256 1890 quibus
1302 1803 1368 1870 duo
1414 1802 1540 1881 fretra,

493 1909 616 1974 scilieet
657 1907 785 1974 Horsus
823 1911 859 1972 et
899 1905 1091 1992 Hengo'stus,
1133 1903 1289 1970 duootum
1328 1905 1540 1992 praestebent

494 2007 589 2076 Oui⁸
615 2031 690 2076 oum
731 2007 893 2074 vidissent
932 2007 1042 2073 nuntii
1078 2007 1208 2094 ignotos
1242 2005 1330 2072 viros
1372 2005 1544 2072 homines⁹

493 2133 622 2199 megum
652 2117 797 2189 steturae,
829 2109 922 2176 dedit
935 2107 960 2146 ¹⁰
989 2109 1036 2174 eis
1067 2131 1188 2196 paoem,
1228 2109 1380 2196 ipsosque
1421 2109 1542 2175 edduei

492 2211 682 2302 prmoepit¹¹
714 2217 749 2278 et
778 2210 944 2278 oeussm¹⁹
968 2211 1130 2276 adventus
1155 2209 1287 2276 illorum
1318 2209 1542 2277 soisoitevit¹³

492 2314 556 2381 Oui
587 2314 771 2402 Hengistus
801 2335 869 2401 prm
899 2311 975 2378 aliis
1004 2311 1200 2400 respondere
1228 2311 1418 2400 inoepitz-

536 2417 609 2483 Rex
648 2422 841 2484 oaeterorum
879 2415 1089 2494 nobilissime,
1132 2413 1296 2480 Sexonios
1339 2415 1439 2482 tellus
1480 2437 1541 2482 nos

488 2519 601 2598 edidit,
633 2541 700 2584 uns
729 2539 772 2584 ex
802 2516 991 2606 regionibus
1014 2515 1208 2583 Germeniae.
1270 2515 1481 2584 Consuetudo
1503 2518 1540 2582 in

486 2622 595 2708 petrin
623 2625 737 2686 nostre
766 2625 816 2686 est
845 2625 885 2685 ut
910 2641 984 2685 oum
1014 2618 1162 2684 homines
1191 2619 1352 2706 ooeperint
1380 2619 1540 2707 multipli-

487 2745 567 2804 oem,
583 2721 606 2760 ¹⁴
644 2721 847 2788 conveniunt
886 2721 1048 2808 principes
1086 2721 1330 2808 provinciarum
1371 2727 1406 2788 et
1434 2723 1540 2788 totius

487 2824 581 2912 regni
606 2823 747 2911 juvenes
786 2844 896 2890 eorem
926 2845 961 2888 se
991 2823 1104 2888 venire
1146 2823 1348 2911 praeoipiunt
1410 2823 1540 2890 Deinde

486 2927 632 3014 projecte
657 2931 744 2992 sorte
774 2924 926 2992 fortiores
958 2923 1126 3012 eliguntur
1163 2931 1202 2992 ut
1231 2933 1362 2991 exteras
1391 2925 1539 3014 regiones

486 3033 610 3115 petunt,
643 3034 678 3094 et
703 3029 828 3094 victum
858 3027 923 3092 sibi
953 3025 1153 3114 perquirent
1215 3026 1345 3094 Deinde
1375 3028 1538 3115 principes

486 3135 590 3200 nostri
615 3134 828 3221 juventutem
859 3133 957 3198 istem
988 3131 1168 3221 elegerunt,
1198 3153 1322 3218 nosque
1353 3133 1436 3200 duos
1458 3134 1538 3200 Ger-

485 3258 600 3302 manos
622 3235 669 3302 eis
692 3236 791 3302 duoes
813 3234 1037 3322 praefeoerunt.
1083 3233 1171 3300 Nem
1198 3255 1241 3300 ex
1264 3235 1357 3301 ducis
1380 3237 1536 3324 progenie

366 3367 373 3380 ·
485 3338 576 3405 ducti
617 3337 790 3418 fueramus,
829 3337 1019 3402 obedientes
1058 3358 1169 3402 eorum
1215 3337 1353 3404 decretis
1397 3337 1537 3426 ingressi

484 3461 596 3506 sumus
625 3439 737 3518 merie,
776 3461 841 3526 quo
878 3459 938 3503 nos
977 3437 1159 3504 Mercurius
1197 3439 1297 3504 duoet
1333 3439 1534 3527 ignorantes.

484 3543 540 3608 Ad
569 3563 689 3609 nomen
718 3541 831 3628 itaque
863 3539 1018 3606 Mercurii
1049 3546 1156 3606 erecto
1187 3539 1284 3606 vultu
1308 3563 1367 3608 rex
1396 3541 1536 3630 inquirit

483 3645 664 3730 eujusmodi
686 3643 877 3732 religionem
900 3641 1068 3708 heberent.
1125 3641 1188 3708 Oui
1213 3641 1419 3730 Hengistus:
1445 3644 1535 3710 Deos

483 3747 609 3834 patrios
652 3745 844 3826 Saturnum,
880 3744 1001 3810 Jovem
1031 3750 1066 3810 et
1106 3748 1242 3810 oaeteros
1282 3745 1341 3831 qui
1374 3747 1534 3812 mundum

481 3850 669 3936 gubernent
698 3847 843 3926 colimur,
875 3845 1019 3912 mexime
1048 3851 1159 3912 autem
1190 3845 1397 3928 Mercurium,
1436 3871 1533 3936 quem

483 3951 612 4018 Woden
634 3951 749 4038 lingue
771 3955 885 4018 nostre
908 3949 1118 4037 appellemus.
1166 3947 1256 4015 Huio
1278 3955 1405 4016 veteres
1427 3951 1532 4017 nostri

512 4249 696 4316 'aprorum
721 4259 766 4302 est
800 4265 885 4316 prum.
919 4250 983 4302 B.D.
1063 4249 1150 4316 'Cut]
1170 4251 1247 4314 Quos.
1283 4251 1347 4302 RD.

511 4329 622 4396 'mariq
641 4329 757 4380 nesciret.
792 4329 858 4380 ul).
1062 4327 1200 4396 'domim
1219 4345 1269 4380 om.
1302 4331 1367 4381 nl).

511 4407 631 4474 'diuertfl
651 4408 792 4459 diverteret.
827 4409 856 4459 Β.
891 4422 918 4459 se
943 4408 981 4458 di·
1062 4406 1169 4474 '‘dedir]
1188 4409 1316 4460 dedemnt.
1351 4411 1384 4461 D.

477 4495 591 4538 verteret
625 4487 659 4538 D.
1062 4487 1218 4556 ''proecepitJ
1238 4491 1360 4541 remdd.
1394 4489 1427 4541 D.

509 4565 612 4633 ⁴ciuioe]
632 4565 720 4616 oiubae.
754 4565 820 4617 RD.
1060 4570 1529 4638 '’mmmJWrittenuponenemure

508 4644 621 4712 ‘eistad
639 4645 733 4696 eiubes.
766 4644 831 4696 B.D.
1026 4647 1053 4698 in
1066 4651 1099 4700 A.

507 4723 612 4790 ὀίίαι]
632 4723 707 4775 enim.
740 4723 775 4776 D.
1056 4729 1232 4797 ιἐοἰεείέιιυίῇ
1250 4729 1444 4784 munierum
1462 4733 1526 4786 RD.

507 4803 652 4876 ψυῶν]
671 4817 761 4871 putes.
795 4804 828 4856 D.
1054 4809 1072 4840 ¹¹
1083 4807 1256 4878 multiplicare]
1269 4811 1439 4878 multiplicat.
1460 4813 1525 4866 B-D.
