<?xml version="1.0" encoding="UTF-8"?>
<!DOCTYPE html PUBLIC "-//W3C//DTD XHTML 1.0 Transitional//EN"
    "http://www.w3.org/TR/xhtml1/DTD/xhtml1-transitional.dtd">
<html xmlns="http://www.w3.org/1999/xhtml" xml:lang="en" lang="en">
 <head>
  <title>
</title>
<meta http-equiv="Content-Type" content="text/html;charset=utf-8" />
  <meta name='ocr-system' content='tesseract 3.04.00' />
  <meta name='ocr-capabilities' content='ocr_page ocr_carea ocr_par ocr_line ocrx_word'/>
</head>
<body>
  <div class='ocr_page' id='page_1' title='image "./eulogiumhistori00haydgoog_0209.png"; bbox 0 0 3696 5794; ppageno 0'>
   <div class='ocr_carea' id='block_1_1' title="bbox 647 889 1394 952">
    <p class='ocr_par' dir='ltr' id='par_1_1' title="bbox 647 889 1394 952">
     <span class='ocr_line' id='line_1_1' title="bbox 647 889 1394 952; baseline 0.001 -3"><span class='ocrx_word' id='word_1_1' title='bbox 647 897 828 952; x_wconf 78' lang='lat' dir='ltr'><strong>nunooruu</strong></span> <span class='ocrx_word' id='word_1_2' title='bbox 851 899 1099 952; x_wconf 79' lang='lat' dir='ltr'><strong>meronmnuu.</strong></span> <span class='ocrx_word' id='word_1_3' title='bbox 1333 889 1394 950; x_wconf 74' lang='lat'><strong>121</strong></span> 
     </span>
    </p>
   </div>
   <div class='ocr_carea' id='block_1_2' title="bbox 348 1072 1557 4344">
    <p class='ocr_par' dir='ltr' id='par_1_2' title="bbox 348 1072 1557 3828">
     <span class='ocr_line' id='line_1_2' title="bbox 395 1072 1557 1160; baseline 0.002 -23"><span class='ocrx_word' id='word_1_4' title='bbox 395 1072 445 1138; x_wconf 88' lang='lat' dir='ltr'><strong>Eo</strong></span> <span class='ocrx_word' id='word_1_5' title='bbox 468 1077 615 1160; x_wconf 87' lang='lat' dir='ltr'><strong>temporo</strong></span> <span class='ocrx_word' id='word_1_6' title='bbox 638 1073 828 1152; x_wconf 81' lang='lat' dir='ltr'><strong>Sioombrio,</strong></span> <span class='ocrx_word' id='word_1_7' title='bbox 860 1073 986 1140; x_wconf 82' lang='lat' dir='ltr'>Franco</span> <span class='ocrx_word' id='word_1_8' title='bbox 1017 1074 1107 1154; x_wconf 81' lang='lat' dir='ltr'><strong>duce,</strong></span> <span class='ocrx_word' id='word_1_9' title='bbox 1131 1073 1202 1140; x_wconf 87' lang='lat' dir='ltr'><strong>sive</strong></span> <span class='ocrx_word' id='word_1_10' title='bbox 1224 1097 1245 1139; x_wconf 85' lang='lat' dir='ltr'>a</span> <span class='ocrx_word' id='word_1_11' title='bbox 1266 1073 1398 1138; x_wconf 83' lang='lat' dir='ltr'><strong>feritate</strong></span> <span class='ocrx_word' id='word_1_12' title='bbox 1411 1088 1476 1138; x_wconf 79' lang='lat' dir='ltr'><strong>How</strong></span> <span class='ocrx_word' id='word_1_13' title='bbox 1489 1090 1557 1142; x_wconf 81' lang='lat' dir='ltr'><strong>Gaul</strong></span> 
     </span>
     <span class='ocr_line' id='line_1_3' title="bbox 348 1159 1537 1278; baseline 0.001 -38"><span class='ocrx_word' id='word_1_14' title='bbox 348 1175 430 1240; x_wconf 88' lang='lat' dir='ltr'><strong>dieti</strong></span> <span class='ocrx_word' id='word_1_15' title='bbox 461 1175 587 1254; x_wconf 78' lang='lat' dir='ltr'><strong>Franci,</strong></span> <span class='ocrx_word' id='word_1_16' title='bbox 610 1197 719 1264; x_wconf 85' lang='lat' dir='ltr'><strong>regem</strong></span> <span class='ocrx_word' id='word_1_17' title='bbox 751 1175 816 1242; x_wconf 86' lang='lat' dir='ltr'>sibi</span> <span class='ocrx_word' id='word_1_18' title='bbox 849 1176 1113 1243; x_wconf 80' lang='lat' dir='ltr'><strong>Ferramundum</strong></span> <span class='ocrx_word' id='word_1_19' title='bbox 1144 1175 1249 1242; x_wconf 90' lang='lat' dir='ltr'><strong>filium</strong></span> <span class='ocrx_word' id='word_1_20' title='bbox 1287 1159 1537 1278; x_wconf 56' lang='lat' dir='ltr'><strong>Mffiffliffliiiie</strong></span> 
     </span>
     <span class='ocr_line' id='line_1_4' title="bbox 348 1279 1552 1366; baseline 0.004 -24"><span class='ocrx_word' id='word_1_21' title='bbox 348 1282 542 1343; x_wconf 82' lang='lat' dir='ltr'><strong>creaverunt</strong></span> <span class='ocrx_word' id='word_1_22' title='bbox 580 1281 615 1344; x_wconf 87' lang='lat' dir='ltr'><strong>et</strong></span> <span class='ocrx_word' id='word_1_23' title='bbox 651 1283 773 1344; x_wconf 82' lang='lat' dir='ltr'><strong>terram</strong></span> <span class='ocrx_word' id='word_1_24' title='bbox 811 1301 832 1344; x_wconf 84' lang='lat' dir='ltr'><strong>o</strong></span> <span class='ocrx_word' id='word_1_25' title='bbox 869 1279 1053 1345; x_wconf 80' lang='lat' dir='ltr'><strong>Sicambrio</strong></span> <span class='ocrx_word' id='word_1_26' title='bbox 1097 1301 1199 1366; x_wconf 83' lang='lat' dir='ltr'><strong>usque</strong></span> <span class='ocrx_word' id='word_1_27' title='bbox 1244 1279 1398 1344; x_wconf 86' lang='lat' dir='ltr'>Rhenum</span> <span class='ocrx_word' id='word_1_28' title='bbox 1412 1291 1552 1348; x_wconf 74' lang='lat' dir='ltr'><strong>ofFrance.</strong></span> 
     </span>
     <span class='ocr_line' id='line_1_5' title="bbox 351 1379 1398 1467; baseline 0.001 -24"><span class='ocrx_word' id='word_1_29' title='bbox 351 1379 488 1446; x_wconf 87' lang='lat' dir='ltr'><strong>fluvium</strong></span> <span class='ocrx_word' id='word_1_30' title='bbox 511 1379 718 1467; x_wconf 84' lang='lat' dir='ltr'><strong>subegerunt</strong></span> <span class='ocrx_word' id='word_1_31' title='bbox 764 1381 839 1462; x_wconf 80' lang='lat' dir='ltr'><strong>Quo</strong></span> <span class='ocrx_word' id='word_1_32' title='bbox 861 1381 1023 1460; x_wconf 82' lang='lat' dir='ltr'><strong>defuncto,</strong></span> <span class='ocrx_word' id='word_1_33' title='bbox 1049 1381 1262 1448; x_wconf 84' lang='lat' dir='ltr'><strong>Olodoweum</strong></span> <span class='ocrx_word' id='word_1_34' title='bbox 1293 1381 1398 1447; x_wconf 91' lang='lat' dir='ltr'><strong>filium</strong></span> 
     </span>
     <span class='ocr_line' id='line_1_6' title="bbox 349 1482 1401 1568; baseline 0.003 -21"><span class='ocrx_word' id='word_1_35' title='bbox 349 1483 419 1568; x_wconf 83' lang='lat' dir='ltr'><strong>ejus</strong></span> <span class='ocrx_word' id='word_1_36' title='bbox 456 1482 708 1550; x_wconf 85' lang='lat' dir='ltr'><strong>substituerunt.</strong></span> <span class='ocrx_word' id='word_1_37' title='bbox 769 1484 849 1550; x_wconf 87' lang='lat' dir='ltr'><strong>Post</strong></span> <span class='ocrx_word' id='word_1_38' title='bbox 885 1484 957 1550; x_wconf 88' lang='lat' dir='ltr'><strong>haeo</strong></span> <span class='ocrx_word' id='word_1_39' title='bbox 993 1483 1146 1551; x_wconf 86' lang='lat' dir='ltr'><strong>Rhenum</strong></span> <span class='ocrx_word' id='word_1_40' title='bbox 1192 1490 1401 1551; x_wconf 80' lang='lat' dir='ltr'><strong>transeuntes</strong></span> 
     </span>
     <span class='ocr_line' id='line_1_7' title="bbox 349 1582 1398 1672; baseline 0.004 -22"><span class='ocrx_word' id='word_1_41' title='bbox 349 1607 451 1670; x_wconf 79' lang='lat' dir='ltr'><strong>usque</strong></span> <span class='ocrx_word' id='word_1_42' title='bbox 482 1582 627 1672; x_wconf 82' lang='lat' dir='ltr'><strong>Ligerim</strong></span> <span class='ocrx_word' id='word_1_43' title='bbox 656 1589 764 1652; x_wconf 82' lang='lat' dir='ltr'><strong>totam</strong></span> <span class='ocrx_word' id='word_1_44' title='bbox 795 1591 917 1652; x_wconf 80' lang='lat' dir='ltr'><strong>terrum</strong></span> <span class='ocrx_word' id='word_1_45' title='bbox 944 1609 965 1652; x_wconf 83' lang='lat' dir='ltr'><strong>o</strong></span> <span class='ocrx_word' id='word_1_46' title='bbox 988 1586 1146 1654; x_wconf 81' lang='lat' dir='ltr'><strong>Romanis</strong></span> <span class='ocrx_word' id='word_1_47' title='bbox 1180 1587 1398 1655; x_wconf 77' lang='lat' dir='ltr'><strong>abstulerunt.</strong></span> 
     </span>
     <span class='ocr_line' id='line_1_8' title="bbox 351 1687 1401 1776; baseline 0.002 -23"><span class='ocrx_word' id='word_1_48' title='bbox 351 1687 462 1753; x_wconf 87' lang='lat' dir='ltr'><strong>Medio</strong></span> <span class='ocrx_word' id='word_1_49' title='bbox 492 1692 647 1776; x_wconf 84' lang='lat' dir='ltr'><strong>tompore,</strong></span> <span class='ocrx_word' id='word_1_50' title='bbox 673 1689 872 1776; x_wconf 83' lang='lat' dir='ltr'><strong>praedioonte</strong></span> <span class='ocrx_word' id='word_1_51' title='bbox 896 1690 999 1755; x_wconf 85' lang='lat' dir='ltr'><strong>Bento</strong></span> <span class='ocrx_word' id='word_1_52' title='bbox 1030 1689 1188 1776; x_wconf 82' lang='lat' dir='ltr'><strong>Remigio,</strong></span> <span class='ocrx_word' id='word_1_53' title='bbox 1207 1690 1401 1757; x_wconf 85' lang='lat' dir='ltr'><strong>Clodoweus</strong></span> 
     </span>
     <span class='ocr_line' id='line_1_9' title="bbox 350 1789 1401 1880; baseline 0.002 -24"><span class='ocrx_word' id='word_1_54' title='bbox 350 1811 409 1856; x_wconf 86' lang='lat' dir='ltr'><strong>rex</strong></span> <span class='ocrx_word' id='word_1_55' title='bbox 433 1789 640 1856; x_wconf 74' lang='lat' dir='ltr'><strong>Christianus</strong></span> <span class='ocrx_word' id='word_1_56' title='bbox 662 1791 767 1858; x_wconf 85' lang='lat' dir='ltr'><strong>foetus</strong></span> <span class='ocrx_word' id='word_1_57' title='bbox 790 1799 847 1870; x_wconf 81' lang='lat' dir='ltr'><strong>est,</strong></span> <span class='ocrx_word' id='word_1_58' title='bbox 873 1792 1000 1858; x_wconf 81' lang='lat' dir='ltr'><strong>Gothos</strong></span> <span class='ocrx_word' id='word_1_59' title='bbox 1022 1793 1180 1859; x_wconf 81' lang='lat' dir='ltr'><strong>Arriunos</strong></span> <span class='ocrx_word' id='word_1_60' title='bbox 1206 1793 1302 1880; x_wconf 85' lang='lat' dir='ltr'><strong>jussu</strong></span> <span class='ocrx_word' id='word_1_61' title='bbox 1335 1795 1401 1859; x_wconf 87' lang='lat' dir='ltr'><strong>Ro-</strong></span> 
     </span>
     <span class='ocr_line' id='line_1_10' title="bbox 350 1891 1401 1982; baseline 0.004 -24"><span class='ocrx_word' id='word_1_62' title='bbox 350 1915 521 1959; x_wconf 76' lang='lat' dir='ltr'><strong>manorum</strong></span> <span class='ocrx_word' id='word_1_63' title='bbox 543 1892 592 1959; x_wconf 91' lang='lat' dir='ltr'><strong>ibi</strong></span> <span class='ocrx_word' id='word_1_64' title='bbox 614 1891 795 1960; x_wconf 69' lang='lat' dir='ltr'><strong>existentes</strong></span> <span class='ocrx_word' id='word_1_65' title='bbox 818 1894 954 1982; x_wconf 72' lang='lat' dir='ltr'><strong>depulit,</strong></span> <span class='ocrx_word' id='word_1_66' title='bbox 1001 1895 1075 1976; x_wconf 82' lang='lat' dir='ltr'><strong>Quo</strong></span> <span class='ocrx_word' id='word_1_67' title='bbox 1105 1902 1244 1977; x_wconf 88' lang='lat' dir='ltr'><strong>mortno,</strong></span> <span class='ocrx_word' id='word_1_68' title='bbox 1270 1896 1401 1964; x_wconf 84' lang='lat' dir='ltr'><strong>Ohilde-</strong></span> 
     </span>
     <span class='ocr_line' id='line_1_11' title="bbox 350 1995 1401 2087; baseline 0.002 -25"><span class='ocrx_word' id='word_1_69' title='bbox 350 1995 463 2062; x_wconf 89' lang='lat' dir='ltr'><strong>bertus</strong></span> <span class='ocrx_word' id='word_1_70' title='bbox 493 1995 580 2062; x_wconf 86' lang='lat' dir='ltr'><strong>filius</strong></span> <span class='ocrx_word' id='word_1_71' title='bbox 597 1995 766 2065; x_wconf 80' lang='lat' dir='ltr'><strong>Clodowoi</strong></span> <span class='ocrx_word' id='word_1_72' title='bbox 795 2019 870 2064; x_wconf 89' lang='lat' dir='ltr'><strong>oum</strong></span> <span class='ocrx_word' id='word_1_73' title='bbox 900 1997 1007 2065; x_wconf 85' lang='lat' dir='ltr'><strong>tribus</strong></span> <span class='ocrx_word' id='word_1_74' title='bbox 1037 1999 1117 2064; x_wconf 88' lang='lat' dir='ltr'><strong>filiis</strong></span> <span class='ocrx_word' id='word_1_75' title='bbox 1139 1999 1226 2065; x_wconf 86' lang='lat' dir='ltr'><strong>suis¹</strong></span> <span class='ocrx_word' id='word_1_76' title='bbox 1251 2001 1401 2087; x_wconf 82' lang='lat' dir='ltr'><strong>propriis,</strong></span> 
     </span>
     <span class='ocr_line' id='line_1_12' title="bbox 350 2099 1402 2190; baseline 0.004 -26"><span class='ocrx_word' id='word_1_77' title='bbox 350 2099 481 2178; x_wconf 83' lang='lat' dir='ltr'><strong>scilieet,</strong></span> <span class='ocrx_word' id='word_1_78' title='bbox 512 2100 722 2184; x_wconf 81' lang='lat' dir='ltr'><strong>Theodorioo,</strong></span> <span class='ocrx_word' id='word_1_79' title='bbox 762 2100 961 2183; x_wconf 86' lang='lat' dir='ltr'><strong>Glodomiro,</strong></span> <span class='ocrx_word' id='word_1_80' title='bbox 1000 2107 1035 2168; x_wconf 89' lang='lat' dir='ltr'><strong>et</strong></span> <span class='ocrx_word' id='word_1_81' title='bbox 1072 2102 1218 2169; x_wconf 81' lang='lat' dir='ltr'><strong>Glotorio</strong></span> <span class='ocrx_word' id='word_1_82' title='bbox 1262 2113 1402 2190; x_wconf 84' lang='lat' dir='ltr'><strong>regnum</strong></span> 
     </span>
     <span class='ocr_line' id='line_1_13' title="bbox 350 2203 1401 2293; baseline 0.002 -25"><span class='ocrx_word' id='word_1_83' title='bbox 350 2203 468 2285; x_wconf 85' lang='lat' dir='ltr'><strong>tenuit,</strong></span> <span class='ocrx_word' id='word_1_84' title='bbox 492 2207 638 2290; x_wconf 82' lang='lat' dir='ltr'><strong>tempore</strong></span> <span class='ocrx_word' id='word_1_85' title='bbox 660 2225 726 2290; x_wconf 90' lang='lat' dir='ltr'><strong>quo</strong></span> <span class='ocrx_word' id='word_1_86' title='bbox 748 2226 834 2292; x_wconf 80' lang='lat' dir='ltr'><strong>popo</strong></span> <span class='ocrx_word' id='word_1_87' title='bbox 856 2203 1034 2291; x_wconf 82' lang='lat' dir='ltr'><strong>Gregorius</strong></span> <span class='ocrx_word' id='word_1_88' title='bbox 1056 2205 1186 2288; x_wconf 87' lang='lat' dir='ltr'><strong>floruit;</strong></span> <span class='ocrx_word' id='word_1_89' title='bbox 1209 2211 1282 2293; x_wconf 92' lang='lat' dir='ltr'><strong>post</strong></span> <span class='ocrx_word' id='word_1_90' title='bbox 1305 2227 1401 2293; x_wconf 90' lang='lat' dir='ltr'><strong>quem</strong></span> 
     </span>
     <span class='ocr_line' id='line_1_14' title="bbox 351 2304 1402 2394; baseline 0.004 -24"><span class='ocrx_word' id='word_1_91' title='bbox 351 2304 516 2372; x_wconf 81' lang='lat' dir='ltr'><strong>Olotarius</strong></span> <span class='ocrx_word' id='word_1_92' title='bbox 538 2306 641 2372; x_wconf 71' lang='lat' dir='ltr'><strong>freter</strong></span> <span class='ocrx_word' id='word_1_93' title='bbox 662 2307 757 2394; x_wconf 72' lang='lat' dir='ltr'><strong>ojus²</strong></span> <span class='ocrx_word' id='word_1_94' title='bbox 789 2306 847 2393; x_wconf 92' lang='lat' dir='ltr'><strong>qui</strong></span> <span class='ocrx_word' id='word_1_95' title='bbox 882 2306 1019 2372; x_wconf 74' lang='lat' dir='ltr'><strong>Beatum</strong></span> <span class='ocrx_word' id='word_1_96' title='bbox 1054 2306 1317 2394; x_wconf 81' lang='lat' dir='ltr'><strong>Rhodegundom</strong></span> <span class='ocrx_word' id='word_1_97' title='bbox 1348 2309 1402 2374; x_wconf 92' lang='lat' dir='ltr'><strong>de-</strong></span> 
     </span>
     <span class='ocr_line' id='line_1_15' title="bbox 351 2407 1403 2496; baseline 0.004 -24"><span class='ocrx_word' id='word_1_98' title='bbox 351 2408 531 2494; x_wconf 77' lang='lat' dir='ltr'><strong>sponsavit.</strong></span> <span class='ocrx_word' id='word_1_99' title='bbox 568 2408 650 2474; x_wconf 87' lang='lat' dir='ltr'><strong>Post</strong></span> <span class='ocrx_word' id='word_1_100' title='bbox 673 2429 749 2474; x_wconf 87' lang='lat' dir='ltr'><strong>eum</strong></span> <span class='ocrx_word' id='word_1_101' title='bbox 765 2407 976 2488; x_wconf 66' lang='lat' dir='ltr'><strong>childericus,</strong></span> <span class='ocrx_word' id='word_1_102' title='bbox 992 2409 1080 2474; x_wconf 83' lang='lat' dir='ltr'><strong>filins</strong></span> <span class='ocrx_word' id='word_1_103' title='bbox 1102 2409 1181 2496; x_wconf 82' lang='lat' dir='ltr'><strong>ejus,</strong></span> <span class='ocrx_word' id='word_1_104' title='bbox 1197 2431 1272 2476; x_wconf 89' lang='lat' dir='ltr'><strong>oum</strong></span> <span class='ocrx_word' id='word_1_105' title='bbox 1294 2410 1403 2476; x_wconf 84' lang='lat' dir='ltr'><strong>tribus</strong></span> 
     </span>
     <span class='ocr_line' id='line_1_16' title="bbox 351 2509 1404 2600; baseline 0.002 -24"><span class='ocrx_word' id='word_1_106' title='bbox 351 2511 428 2576; x_wconf 83' lang='lat' dir='ltr'><strong>filiis</strong></span> <span class='ocrx_word' id='word_1_107' title='bbox 465 2511 533 2576; x_wconf 83' lang='lat' dir='ltr'><strong>suis</strong></span> <span class='ocrx_word' id='word_1_108' title='bbox 571 2509 752 2591; x_wconf 77' lang='lat' dir='ltr'><strong>cariberto,</strong></span> <span class='ocrx_word' id='word_1_109' title='bbox 792 2509 977 2590; x_wconf 80' lang='lat' dir='ltr'><strong>Gundiono‚</strong></span> <span class='ocrx_word' id='word_1_110' title='bbox 1016 2517 1050 2577; x_wconf 88' lang='lat' dir='ltr'><strong>et</strong></span> <span class='ocrx_word' id='word_1_111' title='bbox 1087 2511 1288 2599; x_wconf 83' lang='lat' dir='ltr'><strong>Sigisberto:</strong></span> <span class='ocrx_word' id='word_1_112' title='bbox 1328 2524 1404 2600; x_wconf 86' lang='lat' dir='ltr'><strong>post</strong></span> 
     </span>
     <span class='ocr_line' id='line_1_17' title="bbox 352 2611 1403 2702; baseline 0 -24"><span class='ocrx_word' id='word_1_113' title='bbox 352 2611 573 2678; x_wconf 85' lang='lat' dir='ltr'><strong>Ohilden&#39;oum</strong></span> <span class='ocrx_word' id='word_1_114' title='bbox 590 2612 756 2679; x_wconf 83' lang='lat' dir='ltr'><strong>Olotnrius</strong></span> <span class='ocrx_word' id='word_1_115' title='bbox 771 2612 842 2699; x_wconf 86' lang='lat' dir='ltr'><strong>ejus</strong></span> <span class='ocrx_word' id='word_1_116' title='bbox 856 2613 953 2693; x_wconf 88' lang='lat' dir='ltr'><strong>filius,</strong></span> <span class='ocrx_word' id='word_1_117' title='bbox 970 2613 1027 2700; x_wconf 92' lang='lat' dir='ltr'><strong>qui</strong></span> <span class='ocrx_word' id='word_1_118' title='bbox 1042 2614 1160 2700; x_wconf 88' lang='lat' dir='ltr'><strong>genuit</strong></span> <span class='ocrx_word' id='word_1_119' title='bbox 1175 2613 1403 2702; x_wconf 84' lang='lat' dir='ltr'><strong>Degobertum</strong></span> 
     </span>
     <span class='ocr_line' id='line_1_18' title="bbox 351 2714 1404 2804; baseline 0.003 -25"><span class='ocrx_word' id='word_1_120' title='bbox 351 2719 385 2779; x_wconf 90' lang='lat' dir='ltr'><strong>et</strong></span> <span class='ocrx_word' id='word_1_121' title='bbox 417 2714 584 2780; x_wconf 80' lang='lat' dir='ltr'><strong>Botiidem</strong></span> <span class='ocrx_word' id='word_1_122' title='bbox 617 2714 688 2802; x_wconf 83' lang='lat' dir='ltr'><strong>ejus</strong></span> <span class='ocrx_word' id='word_1_123' title='bbox 718 2737 869 2782; x_wconf 84' lang='lat' dir='ltr'><strong>sororem.</strong></span> <span class='ocrx_word' id='word_1_124' title='bbox 916 2715 986 2782; x_wconf 83' lang='lat' dir='ltr'><strong>Sub</strong></span> <span class='ocrx_word' id='word_1_125' title='bbox 1020 2714 1085 2781; x_wconf 90' lang='lat' dir='ltr'><strong>isto</strong></span> <span class='ocrx_word' id='word_1_126' title='bbox 1117 2716 1308 2804; x_wconf 83' lang='lat' dir='ltr'><strong>Dogoberto</strong></span> <span class='ocrx_word' id='word_1_127' title='bbox 1339 2717 1404 2782; x_wconf 83' lang='lat' dir='ltr'><strong>fuit</strong></span> 
     </span>
     <span class='ocr_line' id='line_1_19' title="bbox 352 2816 1405 2906; baseline 0.004 -25"><span class='ocrx_word' id='word_1_128' title='bbox 352 2816 510 2902; x_wconf 86' lang='lat' dir='ltr'><strong>Pippinns</strong></span> <span class='ocrx_word' id='word_1_129' title='bbox 540 2817 784 2904; x_wconf 75' lang='lat' dir='ltr'><strong>majordomus</strong></span> <span class='ocrx_word' id='word_1_130' title='bbox 805 2819 914 2905; x_wconf 84' lang='lat' dir='ltr'><strong>regiae,</strong></span> <span class='ocrx_word' id='word_1_131' title='bbox 944 2822 1092 2905; x_wconf 82' lang='lat' dir='ltr'><strong>temporo</strong></span> <span class='ocrx_word' id='word_1_132' title='bbox 1123 2817 1270 2885; x_wconf 82' lang='lat' dir='ltr'><strong>Heroolii</strong></span> <span class='ocrx_word' id='word_1_133' title='bbox 1301 2819 1405 2906; x_wconf 90' lang='lat' dir='ltr'><strong>impe·</strong></span> 
     </span>
     <span class='ocr_line' id='line_1_20' title="bbox 351 2918 1405 3008; baseline 0.003 -24"><span class='ocrx_word' id='word_1_134' title='bbox 351 2918 477 2984; x_wconf 84' lang='lat' dir='ltr'><strong>rotoris.</strong></span> <span class='ocrx_word' id='word_1_135' title='bbox 527 2919 608 2984; x_wconf 86' lang='lat' dir='ltr'><strong>Post</strong></span> <span class='ocrx_word' id='word_1_136' title='bbox 630 2918 866 3007; x_wconf 82' lang='lat' dir='ltr'><strong>Dugobertum‚</strong></span> <span class='ocrx_word' id='word_1_137' title='bbox 884 2920 1077 2986; x_wconf 84' lang='lat' dir='ltr'><strong>Olodoweus</strong></span> <span class='ocrx_word' id='word_1_138' title='bbox 1099 2919 1188 2986; x_wconf 85' lang='lat' dir='ltr'><strong>filius</strong></span> <span class='ocrx_word' id='word_1_139' title='bbox 1209 2921 1288 3008; x_wconf 88' lang='lat' dir='ltr'><strong>ejus,</strong></span> <span class='ocrx_word' id='word_1_140' title='bbox 1313 2923 1405 3008; x_wconf 80' lang='lat' dir='ltr'><strong>cujus</strong></span> 
     </span>
     <span class='ocr_line' id='line_1_21' title="bbox 351 3021 1405 3111; baseline 0.004 -24"><span class='ocrx_word' id='word_1_141' title='bbox 351 3025 498 3109; x_wconf 88' lang='lat' dir='ltr'><strong>tempore</strong></span> <span class='ocrx_word' id='word_1_142' title='bbox 530 3021 729 3088; x_wconf 71' lang='lat' dir='ltr'><strong>menolatum</strong></span> <span class='ocrx_word' id='word_1_143' title='bbox 763 3028 814 3088; x_wconf 87' lang='lat' dir='ltr'><strong>est</strong></span> <span class='ocrx_word' id='word_1_144' title='bbox 848 3045 964 3111; x_wconf 85' lang='lat' dir='ltr'><strong>eorpus</strong></span> <span class='ocrx_word' id='word_1_145' title='bbox 998 3021 1114 3088; x_wconf 79' lang='lat' dir='ltr'><strong>Sancti</strong></span> <span class='ocrx_word' id='word_1_146' title='bbox 1151 3023 1327 3090; x_wconf 78' lang='lat' dir='ltr'><strong>Benedicti</strong></span> <span class='ocrx_word' id='word_1_147' title='bbox 1364 3025 1405 3092; x_wconf 83' lang='lat' dir='ltr'><strong>de</strong></span> 
     </span>
     <span class='ocr_line' id='line_1_22' title="bbox 353 3123 1406 3206; baseline 0.003 -17"><span class='ocrx_word' id='word_1_148' title='bbox 353 3123 468 3190; x_wconf 84' lang='lat' dir='ltr'><strong>Monte</strong></span> <span class='ocrx_word' id='word_1_149' title='bbox 492 3123 628 3190; x_wconf 81' lang='lat' dir='ltr'><strong>Cassino</strong></span> <span class='ocrx_word' id='word_1_150' title='bbox 651 3124 687 3189; x_wconf 90' lang='lat' dir='ltr'><strong>in</strong></span> <span class='ocrx_word' id='word_1_151' title='bbox 720 3123 915 3192; x_wconf 79' lang='lat' dir='ltr'><strong>Florianum.</strong></span> <span class='ocrx_word' id='word_1_152' title='bbox 963 3124 1045 3190; x_wconf 84' lang='lat' dir='ltr'><strong>Post</strong></span> <span class='ocrx_word' id='word_1_153' title='bbox 1078 3125 1298 3206; x_wconf 83' lang='lat' dir='ltr'><strong>Olodoweum‚</strong></span> <span class='ocrx_word' id='word_1_154' title='bbox 1323 3127 1406 3192; x_wconf 93' lang='lat' dir='ltr'><strong>Hlo-</strong></span> 
     </span>
     <span class='ocr_line' id='line_1_23' title="bbox 352 3225 1406 3317; baseline 0.004 -26"><span class='ocrx_word' id='word_1_155' title='bbox 352 3225 480 3292; x_wconf 79' lang='lat' dir='ltr'><strong>terius⁸</strong></span> <span class='ocrx_word' id='word_1_156' title='bbox 517 3225 607 3292; x_wconf 90' lang='lat' dir='ltr'><strong>filius</strong></span> <span class='ocrx_word' id='word_1_157' title='bbox 645 3225 715 3312; x_wconf 83' lang='lat' dir='ltr'><strong>ejus</strong></span> <span class='ocrx_word' id='word_1_158' title='bbox 748 3227 910 3315; x_wconf 80' lang='lat' dir='ltr'><strong>regnavit,</strong></span> <span class='ocrx_word' id='word_1_159' title='bbox 949 3234 1025 3314; x_wconf 87' lang='lat' dir='ltr'><strong>post</strong></span> <span class='ocrx_word' id='word_1_160' title='bbox 1062 3250 1160 3314; x_wconf 88' lang='lat' dir='ltr'><strong>quem</strong></span> <span class='ocrx_word' id='word_1_161' title='bbox 1197 3229 1299 3296; x_wconf 76' lang='lat' dir='ltr'><strong>freter</strong></span> <span class='ocrx_word' id='word_1_162' title='bbox 1336 3231 1406 3317; x_wconf 88' lang='lat' dir='ltr'><strong>ejus</strong></span> 
     </span>
     <span class='ocr_line' id='line_1_24' title="bbox 352 3328 1405 3420; baseline 0.004 -26"><span class='ocrx_word' id='word_1_163' title='bbox 352 3328 570 3396; x_wconf 80' lang='lat' dir='ltr'><strong>Theudoricus</strong></span> <span class='ocrx_word' id='word_1_164' title='bbox 581 3351 590 3411; x_wconf 88' lang='lat'>;</span> <span class='ocrx_word' id='word_1_165' title='bbox 623 3329 788 3396; x_wconf 89' lang='lat' dir='ltr'><strong>Ebronius</strong></span> <span class='ocrx_word' id='word_1_166' title='bbox 810 3335 893 3397; x_wconf 88' lang='lat' dir='ltr'><strong>tuno</strong></span> <span class='ocrx_word' id='word_1_167' title='bbox 922 3331 989 3396; x_wconf 88' lang='lat' dir='ltr'><strong>fuit</strong></span> <span class='ocrx_word' id='word_1_168' title='bbox 1022 3331 1127 3418; x_wconf 77' lang='lat' dir='ltr'><strong>major</strong></span> <span class='ocrx_word' id='word_1_169' title='bbox 1157 3331 1275 3398; x_wconf 89' lang='lat' dir='ltr'><strong>domus</strong></span> <span class='ocrx_word' id='word_1_170' title='bbox 1296 3334 1405 3420; x_wconf 80' lang='lat' dir='ltr'><strong>regim,</strong></span> 
     </span>
     <span class='ocr_line' id='line_1_25' title="bbox 352 3431 1406 3522; baseline 0.005 -25"><span class='ocrx_word' id='word_1_171' title='bbox 352 3431 410 3518; x_wconf 89' lang='lat' dir='ltr'><strong>qui</strong></span> <span class='ocrx_word' id='word_1_172' title='bbox 448 3433 589 3498; x_wconf 80' lang='lat' dir='ltr'><strong>Beatum</strong></span> <span class='ocrx_word' id='word_1_173' title='bbox 628 3431 889 3520; x_wconf 81' lang='lat' dir='ltr'><strong>Le0degarium⁴</strong></span> <span class='ocrx_word' id='word_1_174' title='bbox 933 3433 1124 3500; x_wconf 82' lang='lat' dir='ltr'><strong>trnoidovit.</strong></span> <span class='ocrx_word' id='word_1_175' title='bbox 1185 3435 1265 3502; x_wconf 87' lang='lat' dir='ltr'><strong>Post</strong></span> <span class='ocrx_word' id='word_1_176' title='bbox 1309 3458 1406 3522; x_wconf 91' lang='lat' dir='ltr'><strong>quem</strong></span> 
     </span>
     <span class='ocr_line' id='line_1_26' title="bbox 353 3535 1404 3630; baseline 0.002 -28"><span class='ocrx_word' id='word_1_177' title='bbox 353 3535 546 3602; x_wconf 82' lang='lat' dir='ltr'><strong>Clodoweus</strong></span> <span class='ocrx_word' id='word_1_178' title='bbox 560 3536 649 3602; x_wconf 87' lang='lat' dir='ltr'><strong>filius</strong></span> <span class='ocrx_word' id='word_1_179' title='bbox 660 3536 740 3624; x_wconf 84' lang='lat' dir='ltr'><strong>ejus,</strong></span> <span class='ocrx_word' id='word_1_180' title='bbox 757 3536 810 3602; x_wconf 88' lang='lat' dir='ltr'><strong>oui</strong></span> <span class='ocrx_word' id='word_1_181' title='bbox 826 3535 1057 3603; x_wconf 84' lang='lat' dir='ltr'><strong>Ohildobortus</strong></span> <span class='ocrx_word' id='word_1_182' title='bbox 1074 3536 1183 3630; x_wconf 74' lang='lat' dir='ltr'><strong>freter</strong></span> <span class='ocrx_word' id='word_1_183' title='bbox 1197 3539 1266 3623; x_wconf 84' lang='lat' dir='ltr'><strong>ejus</strong></span> <span class='ocrx_word' id='word_1_184' title='bbox 1283 3537 1404 3624; x_wconf 88' lang='lat' dir='ltr'><strong>junior,</strong></span> 
     </span>
     <span class='ocr_line' id='line_1_27' title="bbox 352 3637 1406 3728; baseline 0.002 -24"><span class='ocrx_word' id='word_1_185' title='bbox 352 3638 404 3704; x_wconf 90' lang='lat' dir='ltr'><strong>oui</strong></span> <span class='ocrx_word' id='word_1_186' title='bbox 439 3639 647 3726; x_wconf 82' lang='lat' dir='ltr'><strong>Dagobertns</strong></span> <span class='ocrx_word' id='word_1_187' title='bbox 684 3637 773 3704; x_wconf 86' lang='lat' dir='ltr'><strong>filius</strong></span> <span class='ocrx_word' id='word_1_188' title='bbox 797 3637 1011 3718; x_wconf 85' lang='lat' dir='ltr'><strong>Ohildeberti,</strong></span> <span class='ocrx_word' id='word_1_189' title='bbox 1049 3647 1125 3728; x_wconf 92' lang='lat' dir='ltr'><strong>post</strong></span> <span class='ocrx_word' id='word_1_190' title='bbox 1163 3661 1260 3727; x_wconf 89' lang='lat' dir='ltr'><strong>quem</strong></span> <span class='ocrx_word' id='word_1_191' title='bbox 1297 3641 1406 3728; x_wconf 80' lang='lat' dir='ltr'><strong>regale</strong></span> 
     </span>
     <span class='ocr_line' id='line_1_28' title="bbox 352 3739 792 3828; baseline -0.002 -22"><span class='ocrx_word' id='word_1_192' title='bbox 352 3759 455 3828; x_wconf 85' lang='lat' dir='ltr'><strong>genus</strong></span> <span class='ocrx_word' id='word_1_193' title='bbox 477 3739 628 3807; x_wconf 75' lang='lat' dir='ltr'><strong>Francius</strong></span> <span class='ocrx_word' id='word_1_194' title='bbox 651 3739 792 3807; x_wconf 68' lang='lat' dir='ltr'><strong>defecit.⁵</strong></span> 
     </span>
    </p>

    <p class='ocr_par' dir='ltr' id='par_1_3' title="bbox 352 3842 1407 4344">
     <span class='ocr_line' id='line_1_29' title="bbox 398 3842 1403 3932; baseline 0.003 -25"><span class='ocrx_word' id='word_1_195' title='bbox 398 3842 478 3910; x_wconf 83' lang='lat' dir='ltr'><strong>Post</strong></span> <span class='ocrx_word' id='word_1_196' title='bbox 499 3843 608 3930; x_wconf 89' lang='lat' dir='ltr'><strong>ipsum</strong></span> <span class='ocrx_word' id='word_1_197' title='bbox 631 3842 752 3909; x_wconf 82' lang='lat' dir='ltr'><strong>Daniel</strong></span> <span class='ocrx_word' id='word_1_198' title='bbox 769 3842 912 3926; x_wconf 81' lang='lat' dir='ltr'><strong>olorinus,</strong></span> <span class='ocrx_word' id='word_1_199' title='bbox 929 3865 1028 3932; x_wconf 89' lang='lat' dir='ltr'><strong>quem</strong></span> <span class='ocrx_word' id='word_1_200' title='bbox 1046 3843 1165 3910; x_wconf 71' lang='lat' dir='ltr'><strong>Fronoi</strong></span> <span class='ocrx_word' id='word_1_201' title='bbox 1181 3843 1403 3912; x_wconf 78' lang='lat' dir='ltr'><strong>Childerioum</strong></span> 
     </span>
     <span class='ocr_line' id='line_1_30' title="bbox 352 3945 1405 4034; baseline 0.003 -22"><span class='ocrx_word' id='word_1_202' title='bbox 352 3949 562 4024; x_wconf 83' lang='lat' dir='ltr'><strong>vooovenmt,</strong></span> <span class='ocrx_word' id='word_1_203' title='bbox 579 3945 637 4012; x_wconf 88' lang='lat' dir='ltr'><strong>sed</strong></span> <span class='ocrx_word' id='word_1_204' title='bbox 650 3950 782 4013; x_wconf 76' lang='lat' dir='ltr'><strong>mutato</strong></span> <span class='ocrx_word' id='word_1_205' title='bbox 796 3945 929 4012; x_wconf 85' lang='lat' dir='ltr'><strong>nomine</strong></span> <span class='ocrx_word' id='word_1_206' title='bbox 942 3971 951 4027; x_wconf 85' lang='lat'><em>3</em></span> <span class='ocrx_word' id='word_1_207' title='bbox 974 3953 1049 4034; x_wconf 84' lang='lat' dir='ltr'><strong>post</strong></span> <span class='ocrx_word' id='word_1_208' title='bbox 1073 3969 1171 4034; x_wconf 88' lang='lat' dir='ltr'><strong>quem</strong></span> <span class='ocrx_word' id='word_1_209' title='bbox 1185 3947 1405 4015; x_wconf 81' lang='lat' dir='ltr'><strong>Theodorionn</strong></span> 
     </span>
     <span class='ocr_line' id='line_1_31' title="bbox 352 4047 1405 4138; baseline 0.005 -26"><span class='ocrx_word' id='word_1_210' title='bbox 352 4047 554 4135; x_wconf 80' lang='lat' dir='ltr'><strong>propinquus</strong></span> <span class='ocrx_word' id='word_1_211' title='bbox 588 4048 666 4135; x_wconf 83' lang='lat' dir='ltr'><strong>ojus,</strong></span> <span class='ocrx_word' id='word_1_212' title='bbox 691 4049 743 4114; x_wconf 90' lang='lat' dir='ltr'><strong>oui</strong></span> <span class='ocrx_word' id='word_1_213' title='bbox 777 4049 930 4116; x_wconf 84' lang='lat' dir='ltr'><strong>suooessit</strong></span> <span class='ocrx_word' id='word_1_214' title='bbox 961 4048 1151 4116; x_wconf 84' lang='lat' dir='ltr'><strong>Hilderious</strong></span> <span class='ocrx_word' id='word_1_215' title='bbox 1187 4051 1289 4118; x_wconf 83' lang='lat' dir='ltr'><strong>freter</strong></span> <span class='ocrx_word' id='word_1_216' title='bbox 1326 4051 1405 4138; x_wconf 85' lang='lat' dir='ltr'><strong>ejus,</strong></span> 
     </span>
     <span class='ocr_line' id='line_1_32' title="bbox 354 4149 1406 4241; baseline 0.002 -23"><span class='ocrx_word' id='word_1_217' title='bbox 354 4151 412 4237; x_wconf 91' lang='lat' dir='ltr'><strong>qui</strong></span> <span class='ocrx_word' id='word_1_218' title='bbox 434 4152 478 4218; x_wconf 94' lang='lat' dir='ltr'><strong>ob</strong></span> <span class='ocrx_word' id='word_1_219' title='bbox 500 4152 657 4219; x_wconf 79' lang='lat' dir='ltr'><strong>inertiam</strong></span> <span class='ocrx_word' id='word_1_220' title='bbox 688 4149 770 4219; x_wconf 89' lang='lat' dir='ltr'><strong>solio</strong></span> <span class='ocrx_word' id='word_1_221' title='bbox 802 4153 970 4241; x_wconf 83' lang='lat' dir='ltr'><strong>depositus</strong></span> <span class='ocrx_word' id='word_1_222' title='bbox 1000 4159 1035 4220; x_wconf 87' lang='lat' dir='ltr'><strong>et</strong></span> <span class='ocrx_word' id='word_1_223' title='bbox 1069 4155 1202 4222; x_wconf 85' lang='lat' dir='ltr'><strong>olerioue</strong></span> <span class='ocrx_word' id='word_1_224' title='bbox 1233 4155 1338 4222; x_wconf 76' lang='lat' dir='ltr'><strong>footm</strong></span> <span class='ocrx_word' id='word_1_225' title='bbox 1369 4157 1406 4220; x_wconf 90' lang='lat' dir='ltr'><strong>in</strong></span> 
     </span>
     <span class='ocr_line' id='line_1_33' title="bbox 353 4251 1407 4344; baseline 0.006 -24"><span class='ocrx_word' id='word_1_226' title='bbox 353 4251 551 4322; x_wconf 80' lang='lat' dir='ltr'><strong>monasterio</strong></span> <span class='ocrx_word' id='word_1_227' title='bbox 573 4256 702 4344; x_wconf 83' lang='lat' dir='ltr'><strong>private</strong></span> <span class='ocrx_word' id='word_1_228' title='bbox 722 4255 819 4324; x_wconf 84' lang='lat' dir='ltr'><strong>vixit</strong></span> <span class='ocrx_word' id='word_1_229' title='bbox 866 4255 921 4324; x_wconf 79' lang='lat' dir='ltr'><strong>Sic</strong></span> <span class='ocrx_word' id='word_1_230' title='bbox 943 4255 1063 4325; x_wconf 77' lang='lat' dir='ltr'><strong>defecit</strong></span> <span class='ocrx_word' id='word_1_231' title='bbox 1085 4257 1173 4325; x_wconf 79' lang='lat' dir='ltr'><strong>lineo</strong></span> <span class='ocrx_word' id='word_1_232' title='bbox 1188 4257 1407 4326; x_wconf 81' lang='lat' dir='ltr'><strong>Ferramundi</strong></span> 
     </span>
    </p>
   </div>
   <div class='ocr_carea' id='block_1_3' title="bbox 355 4489 591 4498">
    <p class='ocr_par' dir='ltr' id='par_1_4' title="bbox 355 4489 591 4498">
     <span class='ocr_line' id='line_1_34' title="bbox 355 4489 591 4498; baseline 0.004 -1"><span class='ocrx_word' id='word_1_233' title='bbox 355 4489 591 4498; x_wconf 57' lang='grc' dir='ltr'><em>...Ἥ-...-</em></span> 
     </span>
    </p>
   </div>
   <div class='ocr_carea' id='block_1_4' title="bbox 385 4651 1407 4883">
    <p class='ocr_par' dir='ltr' id='par_1_5' title="bbox 385 4651 1407 4883">
     <span class='ocr_line' id='line_1_35' title="bbox 387 4651 1407 4731; baseline 0.013 -26"><span class='ocrx_word' id='word_1_234' title='bbox 387 4651 470 4723; x_wconf 77' lang='grc' dir='ltr'><strong>Ιειιιέ]</strong></span> <span class='ocrx_word' id='word_1_235' title='bbox 483 4653 609 4708; x_wconf 88' lang='lat' dir='ltr'><strong>om.B.D.</strong></span> <span class='ocrx_word' id='word_1_236' title='bbox 939 4659 1340 4731; x_wconf 71' lang='lat' dir='ltr'><strong>‘Leodeaniruu]1aendignrum.</strong></span> <span class='ocrx_word' id='word_1_237' title='bbox 1373 4667 1407 4718; x_wconf 87' lang='lat' dir='ltr'><strong>D·</strong></span> 
     </span>
     <span class='ocr_line' id='line_1_36' title="bbox 385 4731 1405 4814; baseline 0.013 -29"><span class='ocrx_word' id='word_1_238' title='bbox 385 4737 395 4766; x_wconf 87' lang='lat'>²</span> <span class='ocrx_word' id='word_1_239' title='bbox 398 4736 485 4800; x_wconf 75' lang='lat' dir='ltr'><strong>stater</strong></span> <span class='ocrx_word' id='word_1_240' title='bbox 495 4735 561 4812; x_wconf 54' lang='grc' dir='ltr'><strong>φρ]</strong></span> <span class='ocrx_word' id='word_1_241' title='bbox 574 4752 623 4788; x_wconf 91' lang='lat' dir='ltr'><strong>om.</strong></span> <span class='ocrx_word' id='word_1_242' title='bbox 657 4737 688 4789; x_wconf 91' lang='lat' dir='ltr'><strong>B.</strong></span> <span class='ocrx_word' id='word_1_243' title='bbox 939 4741 1047 4794; x_wconf 78' lang='lat' dir='ltr'><strong>³Genun</strong></span> <span class='ocrx_word' id='word_1_244' title='bbox 1058 4731 1405 4814; x_wconf 70' lang='lat' dir='ltr'><strong>Frmeiaedeteeiuinmarg.</strong></span> 
     </span>
     <span class='ocr_line' id='line_1_37' title="bbox 385 4815 937 4883; baseline 0.009 -17"><span class='ocrx_word' id='word_1_245' title='bbox 385 4815 552 4883; x_wconf 59' lang='lat' dir='ltr'><strong>&#39;Hlotoriffl</strong></span> <span class='ocrx_word' id='word_1_246' title='bbox 566 4815 696 4871; x_wconf 69' lang='lat' dir='ltr'><strong>clotarius.</strong></span> <span class='ocrx_word' id='word_1_247' title='bbox 730 4819 795 4872; x_wconf 88' lang='lat' dir='ltr'><strong>B.D.</strong></span> <span class='ocrx_word' id='word_1_248' title='bbox 904 4819 937 4872; x_wconf 90' lang='lat' dir='ltr'><strong>D.</strong></span> 
     </span>
    </p>
   </div>
   <div class='ocr_carea' id='block_1_5' title="bbox 0 0 1864 5794">
    <p class='ocr_par' dir='ltr' id='par_1_6' title="bbox 0 0 1864 5794">
     <span class='ocr_line' id='line_1_38' title="bbox 0 0 1864 5794; baseline 0 0"><span class='ocrx_word' id='word_1_249' title='bbox 0 0 1864 5794; x_wconf 95' lang='lat' dir='ltr'><strong> </strong></span> 
     </span>
    </p>
   </div>
  </div>
 </body>
</html>
