3674 5800
467 857 508 922 16
767 873 951 922 unuonruu
974 871 1225 922 nrsronnaun.

295 1047 420 1104 inludia
462 1041 566 1128 aliqui
604 1061 680 1109 vac.
719 1045 846 1131 equites
884 1047 919 1109 et
957 1059 1025 1108 Μ
1064 1041 1322 1130 elephantorum,
1363 1039 1420 1126 qui
1458 1061 1518 1127 per

461 1165 574 1212 omnes
603 1146 673 1212 dies
702 1146 970 1234 stipendiantur3
1000 1144 1088 1210 unde
1123 1145 1305 1210 multarum
1336 1163 1436 1229 opum
1466 1145 1517 1208 est

460 1249 607 1314 maxima
636 1249 833 1335 conjectura
891 1247 961 1313 Alii
992 1247 1118 1313 habeut
1147 1246 1298 1334 peditum
1329 1261 1383 1311 xL.
1414 1243 1515 1322 milio,

458 1356 493 1418 ct
515 1353 666 1438 equitum
702 1367 746 1428 M,
774 1355 809 1417 et
840 1349 1089 1438 elephantorum
1125 1365 1210 1426 nco,
1234 1353 1268 1415 et
1299 1347 1335 1412 hi
1367 1347 1516 1413 homines

457 1453 520 1518 nd¹
567 1454 689 1522 bellum
727 1459 807 1522 sunt
851 1454 984 1542 parati;
1027 1453 1115 1520 unde
1161 1451 1306 1518 dicitur:
1356 1449 1516 1516 Indorum

460 1557 620 1642 quidam⁹
643 1557 797 1624 tellurem
829 1561 993 1636 exercent,
1017 1555 1154 1642 quidem
1183 1553 1349 1631 militiam,
1381 1553 1516 1640 quidam

458 1660 660 1740 mercenarii,
693 1653 829 1748 quidam
859 1661 1001 1746 regnant
1032 1662 1067 1724 et
1098 1658 1272 1744 imperant,
1297 1656 1431 1742 quidam
1465 1676 1515 1720 re-

454 1763 554 1848 gibus
577 1761 737 1842 assident,
762 1763 819 1828 elii
845 1762 985 1848 judices,
1011 1759 1069 1826 elii
1092 1759 1236 1846 religiosi
1258 1759 1346 1838 boni,
1377 1758 1435 1824 olii
1464 1780 1515 1823 sa·

456 1865 590 1951 pientiae
622 1869 657 1932 et
683 1864 873 1952 disciplinae.
919 1863 1048 1930 Plinius
1077 1861 1163 1928 libro
1200 1879 1256 1940 va,
1295 1861 1402 1948 capite
1441 1877 1513 1928 m:

458 1965 565 2046 India,
581 1968 702 2054 inquit,
728 1968 763 2032 in
786 1968 886 2055 longo
908 1970 1079 2055 protractu
1103 1985 1216 2031 versus
1242 1963 1456 2051 AEthiopiam,
1480 1965 1515 2030 in

457 2069 625 2136 miraculis
654 2070 813 2136 abundat.
875 2069 917 2134 In
942 2069 1041 2134 India
1062 2069 1248 2156 gignuntur
1269 2065 1401 2133 multu⁸
1423 2087 1515 2132 mon·

457 2178 534 2252 stre,
562 2194 659 2240 canes
681 2171 830 2240 ooeteris‘
852 2172 1062 2260 grandiores,
1090 2171 1222 2236 arbores
1246 2163 1350 2238 tairtae
1372 2169 1515 2258 longitu-

458 2275 544 2340 dinis
576 2275 666 2364 quod
705 2275 837 2363 sagittis
875 2273 1023 2362 superari
1053 2274 1226 2362 nequiunt.
1284 2273 1366 2340 Haee
1403 2278 1514 2338 autem

456 2377 582 2444 faciunt
627 2379 762 2446 ubertas
808 2377 894 2454 solia,
937 2377 1112 2463 temperies
1151 2377 1238 2455 coeli,
1280 2381 1315 2442 et
1353 2397 1514 2462 aquarum

456 2481 670 2548 abundantia
711 2481 809 2546 Ficus
824 2479 923 2544 arbor
944 2479 981 2543 in
1003 2483 1134 2544 tentum
1149 2479 1197 2544 ibi
1211 2477 1225 2516 ⁵
1239 2501 1274 2544 se
1291 2479 1445 2544 extendit
1467 2477 1514 2543 le·

456 2583 647 2664 titudinem,
672 2583 761 2670 quod
784 2583 848 2648 sub
870 2581 990 2647 umbro
1015 2581 1114 2647 unius
1140 2581 1194 2647 fici
1217 2587 1338 2648 turmae
1369 2581 1514 2647 militum

456 2691 595 2772 possunt
635 2685 848 2751 discumbere.
923 2683 1114 2750 Arundines
1160 2684 1287 2749 etiam⁰
1340 2685 1388 2749 ibi
1435 2687 1515 2751 sunt

456 2793 561 2854 tantae
584 2788 800 2875 proceritatis,
824 2792 864 2853 ut
898 2787 986 2852 inter
1018 2786 1149 2874 singula
1175 2787 1299 2854 nodulo
1337 2787 1432 2854 alveo
1454 2809 1513 2854 na·

457 2890 560 2976 vigeli
594 2889 702 2956 trinos
734 2889 884 2954 homines
906 2888 1074 2954 interdum
1105 2889 1221 2955 ferunt
1269 2889 1358 2956 Sunt
1381 2887 1514 2955 autem⁷

456 2991 504 3056 ibi
534 2991 682 3058 homines
714 3013 843 3079 megnae
873 2995 1011 3058 etcturae
1045 2991 1088 3056 ad
1117 2991 1330 3058 altitudinem
1361 3009 1391 3058 V.
1423 2993 1513 3059 cubi·

456 3097 568 3160 torum
593 3095 818 3172 extendentes,
836 3094 894 3180 qui
908 3115 969 3160 nec
984 3099 1163 3180 exspuunt,
1186 3115 1247 3160 neo
1262 3094 1372 3160 dolore
1395 3096 1513 3182 capitis

456 3195 656 3276 efficiuntur,
679 3219 738 3264 nec
761 3198 921 3277 dentium,
938 3218 998 3262 nee
1020 3197 1197 3276 oculorum,
1222 3219 1281 3262 nec
1295 3198 1512 3265 immoderato

457 3299 563 3366 calore
585 3300 662 3366 solis
685 3321 797 3365 eorum
820 3321 956 3386 corpora
978 3299 1153 3376 laeduntur,
1179 3299 1236 3364 sed
1269 3301 1379 3386 potius
1414 3301 1511 3366 indu·

368 3385 378 3402 ⁵
456 3408 581 3468 rantur.
639 3401 830 3488 Philosophi
872 3401 1003 3466 illorum
1034 3401 1092 3488 qui
1123 3401 1417 3488 Gignosopbistss⁸
1456 3426 1512 3468 vo-

458 3511 576 3571 centur
598 3505 640 3571 eb
663 3509 740 3572 ortu
761 3503 839 3570 solis
865 3525 968 3592 usque
999 3503 1070 3589 ejus
1093 3525 1243 3570 occasum
1274 3504 1374 3569 oculis
1397 3505 1513 3570 immo-

456 3607 580 3673 bilibus
610 3609 712 3673 solem
735 3607 912 3673 intuentur
946 3606 981 3672 in
1014 3607 1094 3672 locis
1116 3605 1175 3671 ubi
1205 3601 1334 3692 maj0r⁹
1355 3613 1407 3672 est
1437 3607 1514 3673 solis

459 3709 573 3774 ardor:
599 3709 661 3775 hoc
683 3714 733 3776 est
756 3709 793 3774 in
815 3709 993 3774 montibus.
1032 3707 1075 3772 In
1090 3708 1211 3795 quibus
1227 3709 1328 3774 etiem
1344 3709 1514 3776 montibus

459 3820 538 3880 sunt
567 3815 717 3882 homiues
746 3817 803 3902 qui
826 3815 951 3882 habent
981 3817 1136 3881 adversas
1162 3815 1304 3902 plantas,
1329 3823 1363 3883 et
1390 3817 1513 3906 digitos

459 3917 496 3982 in
525 3916 663 4004 pedibus
686 3917 855 3984 octonos¹⁰
901 3917 989 3983 Sunt
1012 3917 1059 3983 ibi
1082 3917 1234 3984 homines
1255 3919 1374 3985 canina
1403 3922 1513 4008 capita

466 4083 480 4090 ι
496 4085 668 4093 -----.,-.--
683 4087 734 4093 .-...
743 4085 1037 4094 .-—--.··--—--——-
1046 4087 1248 4094 ——-—--

496 4173 561 4240 ¹ad]
581 4176 620 4225 ab,
655 4175 690 4226 Α,
984 4200 987 4277 p
1045 4175 1113 4243 ⁸ita]
1132 4192 1182 4227 om.
1216 4177 1246 4228 B.

493 4252 624 4320 'quidch
643 4254 725 4319 quidi.
760 4253 828 4305 Ab.
855 4255 901 4320 ql&
934 4256 964 4306 Β·
1044 4268 1149 4335 'etiam]
1168 4269 1242 4321 enim.
1277 4271 1308 4320 Β.
1341 4279 1374 4322 et.
1406 4273 1438 4324 D.

494 4331 603 4400 mula]
622 4333 708 4384 ”¹⁰1²-
743 4335 800 4385 ⁸dd·
835 4335 870 4384 Α·
898 4333 964 4386 Nm
1045 4361 1156 4428 ἀνῖαι]
1184 4365 1224 4413 aiu
1243 4362 1277 4414 Δ.
1294 4363 1370 4416 enlm.
1392 4365 1424 4417 B.
1447 4372 1514 4418 suti.

461 4411 487 4461 in
505 4427 584 4477 marg.
620 4411 687 4462 al).
859 4479 875 4523 b
1011 4439 1043 4490 Ι)Ι

494 4529 701 4595 *οαπεεοαιινῆ
720 4489 908 4582 αέῑοήεοαιιει
919 4531 963 4594 A,
1043 4531 1280 4600 'Gipacroplaiatuss
1303 4535 1515 4603 Gignorophirtae.

461 4611 503 4661 the
525 4626 542 4658 u
562 4610 612 4659 aud
628 4606 643 4658 t
657 4609 734 4674 being
752 4607 780 4660 in
795 4611 838 4661 the
855 4611 963 4663 author'a
1009 4611 1073 4663 Bul).
1107 4627 1171 4663 corr.
1184 4613 1412 4680 Gymnosophistoe.

460 4691 593 4750 band,but
609 4689 635 4738 in
651 4688 755 4740 bucher
771 4689 816 4739 inlr
833 4691 894 4742 thau
908 4691 963 4744 that
1042 4692 1152 4760 'ucjm]
1171 4694 1260 4760 magia.
1293 4695 1325 4746 B.

463 4770 493 4822 of
503 4769 546 4820 the
562 4775 672 4819 context.
716 4841 718 4847 A
1044 4773 1062 4805 ¹⁸
1073 4771 1195 4825 Monstra
1229 4775 1256 4824 in
1272 4789 1352 4841 marg.
1386 4777 1456 4828 Μ).
