3656 5800
612 838 794 892 sommum
816 836 1065 889 msronmamu.
1300 825 1365 889 215

313 1035 387 1078 oum
409 1014 478 1080 suis
501 1014 542 1081 de
576 1019 683 1082 oasbro
717 1014 886 1103 egrediens
914 1035 989 1080 cum
1011 1011 1214 1100 Aquitannis
1235 1011 1368 1100 regibus

312 1116 435 1182 bellum
466 1118 632 1184 commisit
662 1117 888 1186 fortissimum.
936 1115 1007 1182 Nec
1039 1137 1139 1194 mora,
1174 1115 1368 1202 supervenit

313 1218 482 1287 Oorineeus
504 1241 578 1286 oum
601 1218 690 1288 acie¹
716 1241 776 1286 sue
797 1241 819 1285 a
840 1223 933 1306 bergo
956 1237 1071 1304 regum
1094 1217 1365 1305 Aquitannorum

310 1327 345 1388 eb
366 1327 499 1389 tantam
531 1331 675 1412 stragem
696 1323 827 1402 faciens,
851 1322 958 1409 qualis
991 1321 1028 1387 in
1059 1321 1118 1387 illa
1151 1321 1263 1408 patria
1296 1341 1365 1388 non

308 1429 359 1491 osb
381 1430 459 1492 ante
480 1427 562 1493 visa
602 1426 735 1494 Oedunb
756 1426 866 1502 Troes,
889 1423 1051 1512 fugiunb⁹
1073 1423 1294 1510 Aquibannes,
1320 1425 1361 1490 de

310 1527 430 1614 quibus
453 1529 599 1616 quinque
613 1549 706 1617 reges
728 1529 825 1594 occisi
847 1531 928 1594 sunl
949 1533 984 1593 eb
1008 1527 1119 1594 caeleri
1134 1525 1363 1614 diffugerunb3

310 1630 450 1697 victorie
470 1637 586 1698 tamen
607 1631 783 1720 potiuntur
797 1631 939 1716 Trojoni,
955 1631 1043 1697 unde
1066 1631 1156 1697 inber
1178 1651 1236 1696 eos
1258 1629 1365 1695 maxi·

311 1755 367 1800 ma
399 1735 540 1801 fluctuat
562 1735 733 1815 exultatio,
775 1739 810 1800 eb
839 1731 900 1799 in³
937 1738 1032 1822 parte
1070 1735 1210 1802 adversa
1242 1753 1365 1821 magna

311 1835 517 1904 lamentatio.

357 1939 461 2006 Erab‘
475 1939 525 2006 ibi
539 1940 674 2027 quidam
690 1940 799 2020 Troes,
814 1938 963 2005 nomine⁶
977 1938 1116 2022 Turnus,
1134 1937 1231 2006 Bruti
1253 1959 1363 2027 nepos,

247 2097 251 2107 .
311 2063 377 2128 quo
399 2041 518 2109 fortior
539 2043 609 2110 sive
632 2044 787 2109 audacior
807 2043 926 2122 nullus,
944 2047 1082 2130 excepto
1106 2043 1265 2122 Oorinaeo,
1290 2045 1365 2110 ade-

311 2143 388 2212 rab⁰
425 2146 492 2213 Hic
513 2147 602 2213 solus
624 2151 720 2233 spata
742 2167 803 2212 sua
826 2152 997 2212 sexcentos
1019 2147 1182 2232 peremib;
1205 2145 1264 2213 sed
1287 2147 1367 2212 Gal-

314 2248 352 2314 lis
386 2249 589 2316 inuentibus
612 2250 712 2316 nimis
745 2247 865 2316 cicius⁷
899 2247 1093 2314 interfectus
1125 2255 1185 2319 est.
1231 2249 1283 2315 De
1306 2269 1365 2315 no-

311 2353 400 2419 mine
433 2349 535 2440 ipsius
580 2342 759 2440 1110111000Β
796 2352 915 2418 civitas
960 2350 1123 2418 Τ111011109
1167 2353 1365 2420 vocabulum

311 2459 410 2520 nacta
432 2461 491 2537 esi,
514 2454 594 2541 quia
615 2455 741 2522 ibidem
763 2454 991 2543 sepeliebatur.

356 2557 482 2625 Brutus
513 2558 602 2624 enim
633 2557 670 2624 in
702 2558 803 2625 dubio
835 2560 981 2625 existens
1012 2563 1127 2625 utrum
1161 2557 1288 2627 diutius
1310 2581 1365 2626 eos

311 2666 520 2749 expugnaret
542 2662 714 2749 praeelegib
747 2684 849 2728 neves
876 2684 962 2742 suas,
988 2661 1081 2728 salva
1110 2663 1230 2729 adhuc.
1248 2663 1366 2750 majori

311 2771 406 2852 parte
429 2765 589 2831 sociorum
611 2787 745 2838 suorum
768 2787 897 2832 necnon
926 2770 960 2831 eb
989 2766 1176 2832 reverentia
1205 2767 1364 2845 vicboriee,

311 2867 401 2933 abire
430 2872 531 2955 abque
553 2869 696 2932 insulam
726 2889 825 2954 quam
852 2867 964 2933 Diana
993 2867 1058 2933 sibi
1087 2868 1288 2955 praedixerat
1313 2869 1364 2935 in·

310 2971 481 3058 vestigare.
536 2969 607 3036 Nec
636 2993 737 3049 mora,
769 2991 903 3037 suorum
933 2991 1070 3036 assensu
1104 2971 1240 3038 classem
1270 2993 1363 3038 suam

310 3073 441 3161 petivit,
472 3073 616 3141 onerabis
653 3073 796 3140 navibus
836 3071 1034 3138 omnimodis
1070 3071 1209 3155 divitiis,
1251 3075 1364 3144 ventis

311 3177 510 3264 prosperatis
543 3176 740 3264 promissam
774 3175 919 3242 insulam
950 3177 1086 3263 exigens
1115 3177 1152 3241 in
1189 3177 1364 3245 Tolenssio

311 3279 410 3346 libore
437 3279 607 3368 applicuib.
653 3276 772 3372 Eral¹⁰
787 3301 916 3366 quoque
939 3301 1061 3345 nomen
1084 3279 1202 3346 insulae
1230 3279 1361 3361 Albion,

311 3406 385 3471 quae
426 3407 446 3450 a
478 3383 619 3462 nemine,
644 3382 796 3470 exceptis
828 3382 939 3470 paucis
965 3381 1168 3470 gigantibus,
1198 3383 1364 3450 inhabile-

311 3487 417 3553 babur.
463 3489 608 3554 Amoena
637 3491 751 3552 lamen
780 3483 847 3552 situ
876 3485 1021 3551 locorum
1052 3489 1084 3551 et
1115 3485 1236 3573 eopia¹¹
1260 3487 1365 3574 pisco-

310 3613 420 3657 sorum
446 3591 630 3672 fluminum,
654 3588 844 3656 nemoribus
877 3589 1057 3676 praeelecta,
1083 3589 1240 3656 affectum
1269 3591 1363 3657 habi-

309 3695 406 3761 tandi
436 3694 542 3760 Bruto
571 3691 702 3760 sociis¹²
723 3691 893 3758 inferebab
932 3691 1048 3757 insula
1072 3713 1151 3758 vero
1175 3693 1302 3780 optima
1326 3695 1364 3759 in

314 3931 504 3942 ——t—-m—
508 3932 605 3940 ⁶...-

346 4111 431 4180 ¹ucie]
449 4111 522 4163 facie.
556 4111 585 4163 G.
859 4111 1015 4175 subpunoted
1033 4113 1074 4165 for
1092 4115 1211 4168 omission
1222 4117 1271 4169 and
1282 4117 1360 4170 theu

343 4191 354 4221 ²
354 4191 473 4258 sapiunt]
493 4207 542 4242 om.
576 4188 605 4242 0.
861 4191 958 4243 written
969 4207 1030 4244 over
1041 4194 1067 4245 it.

344 4271 404 4338 'inJ
423 4269 646 4322 InterlinedinA.
895 4271 913 4300 ¹⁰
923 4271 1027 4324 Albion.
1044 4273 1072 4324 in
1093 4288 1172 4342 marg.
1199 4278 1230 4330 A.
1264 4275 1359 4345 Deop-

345 4350 473 4402 ⁴Tumos
485 4351 513 4400 in
530 4363 609 4415 marg.
627 4349 662 4400 A.
860 4351 994 4413 plicatione
1003 4354 1231 4408 BrutiinAlbion.
1243 4355 1268 4409 in
1280 4375 1360 4426 marg.

345 4431 470 4496 ³rrorra'ue]
489 4445 539 4480 om.
573 4429 638 4480 B.D.
863 4429 892 4480 B.
924 4433 1008 4496 primo
1040 4450 1119 4486 mona
1173 4437 1362 4490 Commendatio

343 4507 463 4575 ‘oderffl
482 4523 663 4574 nemopraem.
697 4507 762 4560 B.D.
860 4507 963 4562 Albion.
992 4511 1019 4562 in
1047 4513 1114 4565 band
1141 4516 1172 4566 ol
1195 4517 1307 4569 addition
1334 4525 1361 4569 to

344 4589 448 4654 ’οἰ1ἰ110]
467 4589 525 4640 cito.
560 4588 626 4640 B.D.
859 4587 968 4653 chapter.

344 4663 496 4734 ’prndium
516 4681 565 4719 om.
602 4667 630 4720 O.
894 4667 911 4697 ¹¹
923 4669 1010 4736 copta]
1029 4671 1136 4737 copioso.
1169 4673 1236 4726 B.D.

344 4745 489 4813 ’Turonis]
516 4748 632 4802 Turonis
661 4747 710 4810 A.;
739 4749 815 4800 theo
891 4747 1006 4816 ¹²rocir's]
1025 4753 1218 4819 sociisqussuis.
1252 4759 1317 4814 Bm.

1381 1031 1438 1085 'l'he
1448 1033 1510 1086 llis·

1379 1107 1437 1165 tory
1447 1101 1479 1151 of

1379 1167 1465 1220 Brute.
