3590 5844
541 909 725 960 unrocum
748 908 997 960 mercantur.
1222 897 1289 965 337

240 1085 352 1173 septo¹
368 1107 464 1152 cursu
487 1087 522 1149 et
544 1106 619 1150 cum
634 1085 755 1170 gaudio
770 1084 877 1150 altum
892 1083 1040 1151 secaret²
1063 1085 1157 1172 quasi
1180 1071 1288 1151 media
1300 1087 1355 1139 The
1367 1089 1427 1140 Ha-

237 1189 318 1254 bora
340 1189 446 1254 noctis
468 1187 637 1254 instante³
663 1187 876 1274 gravissimus
906 1187 1061 1253 somnus⁴
1083 1209 1158 1252 eum
1186 1157 1398 1286 inter-{gfff

236 1291 329 1377 oepit
377 1289 513 1378 Sopitus
539 1291 640 1355 etiam
663 1311 721 1376 per
748 1311 899 1355 somnum
922 1290 1010 1356 vidit
1036 1313 1149 1356 ursum
1172 1283 1403 1376 quem-Artius

237 1392 314 1458 dam
352 1392 388 1457 ln
426 1413 500 1458 aere
537 1391 713 1470 volantem,
752 1393 846 1479 cujus
883 1415 1049 1458 murmure
1086 1397 1160 1459 tota
1189 1393 1288 1458 litora

236 1495 466 1573 intremebant,
505 1494 686 1560 terribilem
715 1515 794 1560 vero
832 1495 1006 1560 draconem
1036 1494 1079 1560 ab
1112 1494 1289 1560 Occidente

232 1597 390 1663 advolare
413 1597 471 1683 qui
497 1596 668 1684 splendore
691 1595 857 1662 oculorum
887 1619 1022 1662 snorum
1051 1597 1193 1684 patriam
1216 1597 1290 1661 illu-

237 1700 395 1764 minabat.
464 1698 620 1764 Alterum
663 1720 742 1764 vero
780 1699 877 1764 alteri
920 1704 1145 1766 occurrentem
1183 1699 1289 1764 diram

237 1823 384 1888 pugnam
408 1799 621 1878 commisere,⁵
636 1801 693 1866 sed
717 1800 893 1888 praelatum
919 1801 1093 1867 draconem
1115 1803 1152 1867 in
1175 1825 1289 1867 ursum

238 1904 358 1990 saepius
391 1904 572 1969 irruentem
602 1903 710 1990 ignito
743 1903 895 1971 anhelitu
925 1905 1173 1970 comburentem
1203 1925 1290 1971 com·

237 2007 437 2092 bustumque
453 2007 490 2071 in
504 2011 629 2071 terram
643 2009 855 2092 prosternere.
902 2005 1164 2094 Expergeiactus
1186 2006 1291 2094 igitur

237 2107 405 2174 Artlrurus
434 2108 621 2174 astantibus
647 2107 736 2194 quod
767 2109 988 2176 somniaverat
1019 2109 1180 2175 indicavit
1192 2133 1200 2188 ;
1232 2111 1291 2194 qui

236 2216 437 2298 exponentes
464 2209 618 2276 dicebant
648 2210 821 2276 draconem
851 2231 927 2276 eum
957 2210 1153 2298 significare,
1176 2233 1289 2276 ursum

238 2335 316 2379 vero
338 2313 481 2399 aliquem
503 2313 672 2400 gigantem
696 2313 848 2398 quicum
871 2334 909 2378 eo
931 2314 1191 2400 congrederetur,
1207 2335 1291 2401 pug-

234 2438 314 2482 nam
339 2421 451 2482 autem
474 2436 587 2482 eorum
610 2415 735 2480 bellum
762 2415 958 2502 portendere
981 2417 1069 2502 quod
1092 2417 1183 2482 inter
1203 2418 1290 2504 ipsos

236 2517 387 2584 futurum
410 2522 490 2598 eret,
513 2517 690 2584 victoriam
713 2513 818 2582 vero⁰
842 2517 995 2582 draconis
1018 2516 1132 2584 illam⁷
1155 2540 1230 2604 quae
1249 2521 1291 2584 ei

237 2617 448 2706 proveniret.⁸
492 2619 542 2684 At
564 2619 732 2685 Arthurus
754 2618 846 2684 aliud
869 2619 1077 2705 conjectabat
1096 2621 1291 2688 existimans

238 2721 337 2788 obse
360 2727 394 2787 et
416 2722 646 2808 imperatorem
669 2721 770 2786 talem
793 2722 955 2787 visionem
987 2722 1170 2809 contigisse.
1222 2722 1292 2788 Ru·

238 2824 337 2890 bente
374 2823 509 2889 tandem
539 2828 614 2910 post
644 2845 775 2888 cursum
806 2824 914 2890 noctis
952 2823 1083 2890 Aurora
1119 2825 1156 2890 in
1192 2831 1291 2912 portu

233 2925 362 2996 Barbas
383 2923 502 2990 fluvii⁰
517 2925 754 3012 applicuerrmt.
802 2925 883 2992 Mox
905 2927 1048 2992 tentoria
1070 2948 1131 2992 sua
1153 2925 1291 3014 figentes

237 3027 458 3114 expectabant
479 3025 603 3092 ibidem
627 3027 796 3092 insulanos
811 3048 912 3114 reges,
929 3033 964 3093 et
979 3029 1290 3114 conprovincialium

240 3129 483 3216 provinciarum
506 3127 604 3194 duces
626 3133 793 3193 venturos

654 3487 734 3552 Car.
753 3484 880 3551 LXIII.

638 3691 688 3757 ra
719 3689 899 3777 cauetur

287 3877 461 3958 Aarfluao
486 3893 611 3958 interea
640 3893 816 3957 nuntiatur
845 3891 1010 3978 quendam
1039 3891 1133 3958 mirre
1163 3891 1291 3978 magni-

243 3995 371 4062 tudinis
396 3996 566 4082 gigantem
592 4017 634 4059 ex
659 3995 810 4081 partibus
835 3993 1099 4080 Hispanniarum
1121 3993 1293 4060 advenisse

243 4102 277 4163 et
309 4095 472 4162 Helenam
497 4101 630 4184 neptem
662 4095 760 4162 Hoeli
789 4095 979 4162 custodibus
1009 4095 1155 4182 ejusdem
1185 4097 1292 4183 eripu-

278 4427 466 4495 'circumrepto]
485 4426 665 4491 cboumseptus
684 4441 751 4490 pros-
820 4423 909 4491 lona]
928 4441 983 4490 qne.
1016 4425 1048 4475 B.

246 4525 313 4575 pero.
347 4507 413 4559 B.D.
818 4503 919 4571 lillrna]
938 4504 984 4554 illi.
1018 4505 1050 4554 B.

279 4585 403 4651 ἐιοανεὶ]
422 4585 537 4636 sulcaret.
570 4585 636 4636 B.D.
818 4584 986 4649 ”prorenbeq
1038 4583 1196 4650 praeveniret.
1259 4585 1295 4640 D.

279 4664 417 4730 'iasloau]
438 4663 549 4714 instaret.
585 4663 617 4715 D.
785 4663 902 4714 eveniret
937 4663 969 4714 Β.

280 4744 408 4809 ⁴somaus]
426 4757 506 4808 sopor.
540 4745 574 4794 D.
817 4741 1029 4808 ¹,Bortesstuor'fl
1047 4739 1213 4793 Barbefluvii.
1245 4741 1276 4791 B.

279 4821 446 4887 *commiserd
465 4821 627 4873 committere.
660 4821 726 4874 B.D.
816 4819 889 4871 ¹'Dc
902 4819 1020 4888 Gipente]
1039 4835 1088 4872 om
1122 4821 1154 4871 B.

338 4918 420 4976 ΥΟΕ,
442 4919 485 4974 11.
1149 4915 1173 4962 Y
