3696 5794
638 863 820 916 sumerum
841 863 1092 920 nrsromaauu.
1319 852 1385 926 147

728 1151 808 1220 cn.
835 1151 986 1219 CLXIX.

595 1318 646 1392 Da
665 1315 893 1390 Flammam
904 1314 1111 1388 Batanaia.

372 1481 521 1550 Fuuurrr
550 1502 610 1572 per
646 1477 856 1547 Britanniam
893 1480 1000 1546 multa
1038 1478 1162 1546 stiam¹
1201 1482 1380 1570 ingentia²
1394 1499 1481 1580 thhe

327 1585 474 1666 flumina,
503 1607 563 1672 per
592 1606 665 1671 quae
696 1587 730 1649 et
766 1605 809 1649 ax
845 1583 1009 1649 universis
1046 1605 1141 1671 paena
1180 1586 1379 1653 nationibus
1392 1568 1513 1687 {fflf

326 1687 568 1755 transmarina³
584 1709 642 1774 per
663 1691 771 1753 totam
792 1686 927 1773 navigio
950 1685 1103 1752 feruntur
1124 1686 1267 1754 insulam
1290 1711 1378 1756 eom·
1493 1671 1500 1686 ’

327 1791 466 1872 mercia3
496 1790 554 1856 sed
582 1811 650 1876 prae
680 1789 807 1856 eaeteris
837 1789 903 1854 tria
925 1788 1050 1854 famosa
1079 1789 1218 1856 flumina
1245 1793 1378 1878 praecel·
1414 1835 1417 1842 ·

326 1894 409 1974 lunt,
439 1893 570 1972 scilieet,
606 1892 760 1973 Tamisia,
791 1890 941 1972 Sabrina,
976 1896 1011 1958 st
1042 1892 1204 1975 Humbra,
1236 1916 1377 1980 quorum

326 1995 455 2062 alveis⁴
491 1995 602 2062 omnia
645 2017 705 2084 per
755 1993 866 2082 ampla
903 1994 988 2060 ostia
1035 1993 1157 2060 Oceani
1210 1997 1376 2062 marinum

326 2099 468 2166 flauma³
512 2099 655 2164 influens
699 2103 734 2164 et
777 2093 945 2162 refluens⁰
990 2101 1057 2166 tres
1098 2097 1214 2164 insulsa
1254 2100 1375 2187 princi·

325 2203 444 2291 ripales
476 2201 662 2292 provincias
691 2201 786 2288 quasi
814 2200 880 2268 tria
905 2221 1009 2288 regna
1033 2200 1268 2284 determinat?
1291 2204 1376 2270 seili-

326 2312 386 2388 est,
403 2305 583 2396 Loegriam,
608 2301 805 2386 Cambriam,
830 2302 1129 2388 Nerthumbriam3
1159 2305 1238 2392 quia
1268 2307 1375 2372 omnis

325 2415 414 2478 tarra
435 2409 523 2476 inter
546 2406 734 2474 Humbrarn
760 2409 796 2472 at
819 2405 975 2471 Tusciam
999 2405 1036 2470 in
1062 2405 1201 2494 antiquo
1227 2413 1375 2495 tempora

326 2513 497 2580 dicebatur
526 2508 777 2578 Northumbria
831 2506 1021 2574 Thamisia⁸
1051 2508 1184 2574 videtur
1221 2512 1375 2598 componi
1387 2513 1445 2564 The

324 2639 345 2684 a
366 2615 494 2682 duobus
512 2613 713 2692 fluminibus,
734 2633 809 2698 quae
839 2615 918 2678 sunt
936 2610 1062 2678 Thema
1086 2616 1121 2678 et
1144 2611 1222 2693 Isa;
1245 2612 1376 2680 Tham⁰
1390 2581 1506 2632 Themes.

325 2740 403 2786 vero
426 2717 530 2786 currit
544 2715 645 2804 juxta
668 2713 890 2780 Doreestriam
900 2710 926 2750 ¹⁰
949 2718 984 2779 et
1006 2713 1054 2780 ibi
1075 2713 1165 2779 cadit
1181 2714 1217 2780 in
1240 2715 1375 2800 Ysiam;

324 2823 401 2890 inde
424 2825 515 2888 totus
529 2819 651 2886 fluvius
673 2839 694 2883 a
717 2839 777 2884 suo
804 2821 923 2884 exortu
945 2836 1048 2904 usque
1072 2817 1115 2882 ad
1139 2839 1228 2884 mare
1256 2818 1377 2884 dicitur

325 2922 479 3012 Tamys.¹¹
543 2921 700 2990 Nascitur
731 2919 819 2988 enim
852 2919 893 2986 da
916 2919 1058 3008 quodam
1089 2919 1249 2988 fonticulo
1275 2921 1376 3012 juxta

325 3026 511 3114 Tettebury
532 3046 634 3112 prope
659 3022 878 3092 circestriam.

370 3130 513 3198 Sabrina
537 3125 728 3194 Britannias
753 3124 877 3191 dieitur
909 3123 1056 3208 Habren,
1082 3125 1124 3192 ab
1152 3125 1284 3194 Hibren
1306 3128 1444 3194 filiaThe

325 3233 488 3314 Estrildis,
518 3253 618 3318 quam
650 3229 886 3296 Guentloloena
914 3226 1031 3316 regina
1060 3229 1237 3296 submersit
1259 3231 1296 3296 in
1326 3255 1374 3314 ea,
1388 3198 1491 3250 severa.

324 3336 382 3403 sed
411 3358 470 3424 per
499 3331 741 3422 corruptionem
773 3329 896 3396 Latina
924 3329 1041 3418 lingua
1070 3331 1192 3398 dicitur
1224 3331 1372 3414 Sabrina,

325 3441 402 3506 iude
433 3437 594 3506 Saxouiua
637 3435 771 3504 Severn
813 3433 930 3499 Oritur
961 3433 1050 3498 enim
1079 3433 1115 3498 in
1144 3435 1253 3500 madio
1283 3435 1374 3501 Wal-

324 3543 378 3612 liae
408 3549 443 3610 et
466 3540 588 3609 transit
613 3538 721 3627 primo
744 3557 857 3604 versus
880 3534 1050 3601 Orientem
1069 3557 1172 3624 usqua
1197 3537 1373 3624 Salapiam,

325 3647 402 3712 inde
432 3644 542 3732 vergit
573 3641 617 3708 ad
646 3641 810 3707 Austrum
840 3659 944 3726 usque
967 3637 1112 3726 Brigges,
1138 3639 1215 3705 inde
1243 3639 1374 3728 Wigor-

323 3746 450 3829 niam‚¹²
472 3752 507 3812 et
539 3744 759 3823 Glousrniam,
791 3742 868 3808 inde
900 3739 1093 3806 Bristollum
1126 3740 1186 3806 ubi
1219 3743 1308 3808 cadit
1337 3743 1374 3807 in

324 3849 454 3919 Mare¹³
489 3847 715 3926 Occidentali;
761 3845 827 3911 fuit
872 3844 1038 3932 quondam
1082 3844 1242 3910 terminus
1286 3845 1373 3910 iuter

904 4159 1068 4225 'flamiam
1088 4157 1205 4212 Tamisia
1239 4160 1270 4210 Β.

904 4238 1020 4308 'Hans
1040 4239 1127 4292 Tama
1152 4241 1183 4293 Β.
1216 4240 1321 4292 mama.
1338 4241 1371 4292 u.

355 4307 767 4380 'bummrinuhranunsrinum
783 4305 824 4370 B„
905 4319 1117 4385 rapmamm]
1176 4321 1372 4374 Domhoetriam'

355 4465 823 4622 :iratissimis
898 4501 1040 4596 fram
1076 4500 1196 4556 ramas
1239 4501 1269 4554 Β.
1304 4500 1373 4552 ω-

356 4631 530 4701 ·ιενςῄιιωε]
549 4647 597 4684 om.
633 4629 667 4680 D.
870 4583 1015 4732 mla-D·
1045 4680 1051 4692 .
1242 4678 1248 4690 .

356 4711 543 4777 wirtember]
578 4706 760 4762 disterminant
792 4703 824 4756 B.
972 4680 1103 4746 umam]
1122 4677 1298 4745 Wygormsm.
1332 4676 1362 4727 Β.

323 4798 356 4848 D·
905 4778 923 4808 ¹¹
934 4776 1024 4842 Mare]
1044 4775 1117 4829 Muri.
1152 4775 1216 4826 RD.

1168 4881 1194 4932 K
1218 4868 1238 4931 2
