3656 5800
482 863 548 930 212
774 881 958 931 rumorum
981 879 1233 930 nrsronnnmr

310 1079 366 1130 The
377 1077 429 1127 hie·
478 1059 598 1124 rinaeus
643 1055 751 1121 dictus
795 1059 876 1134 erat,
915 1054 968 1120 vir
1012 1052 1189 1132 modestus,
1228 1051 1357 1119 consilii
1402 1050 1532 1137 optimi,

310 1155 368 1211 lory
379 1145 410 1196 oi

312 1213 395 1264 Bruto.

478 1181 606 1248 magnae
638 1158 783 1240 virtutis,
816 1157 979 1245 gigantea
1013 1155 1109 1222 molis
1140 1157 1175 1220 et
1205 1155 1341 1221 roboris.
1403 1153 1532 1242 Agnitu

478 1263 584 1352 igitur
606 1260 728 1328 veteris
751 1259 889 1347 originis
911 1257 1063 1346 prosapia
1086 1257 1329 1324 associaverunt
1351 1256 1414 1322 sibi
1437 1257 1530 1322 illum

478 1386 605 1430 necnon
639 1369 673 1428 et
705 1362 862 1450 populum
894 1363 946 1428 cui
980 1359 1198 1448 praesidebat3
1228 1359 1353 1424 abillo
1377 1357 1529 1425 Corinaeo

479 1464 648 1532 Cornubia
678 1465 850 1530 nominata
881 1469 940 1530 est
995 1463 1057 1528 Ille
1092 1462 1198 1527 Bruto
1230 1461 1265 1526 in
1299 1459 1389 1526 omni
1424 1461 1534 1525 decer-

480 1569 607 1640 tatione
629 1589 697 1655 prce
719 1567 846 1636 cacteris
868 1565 1031 1634 auxilium
1054 1564 1243 1654 praestabat.

928 1945 1009 2016 Otr.
1041 1945 1101 2013 IV.

528 2151 757 2218 valoltlrus
792 2148 835 2213 ati
867 2146 1086 2236 Aquitaniam
1117 2149 1317 2234 perveniunt
1349 2153 1384 2216 et
1416 2149 1537 2214 ostium

485 2253 612 2341 Ligeris
631 2250 795 2332 Ηιιιῑιὶιιὶιι,1
820 2251 960 2338 ingressi
982 2249 1140 2316 anchoras
1163 2249 1332 2316 fixerunu
1365 2251 1539 2337 Regnabat

484 2355 602 2422 inilia
624 2360 714 2421 terra
744 2353 881 2441 quidam
915 2375 974 2419 rex
1007 2353 1141 2419 nomine
1165 2353 1288 2432 Goffar,
1312 2353 1366 2419 oui
1388 2357 1428 2418 ut
1450 2353 1538 2418 fama

485 2457 647 2524 indicavit
692 2461 864 2522 externam
908 2461 1042 2544 gentem
1087 2479 1161 2522 cum
1199 2478 1320 2543 magna
1364 2455 1464 2521 classe
1502 2457 1539 2522 in

485 2561 567 2626 fines
603 2559 697 2648 regni
731 2558 782 2624 sui
813 2557 1017 2646 applicuisse,
1051 2559 1207 2644 quaesivit
1243 2581 1303 2644 per
1333 2559 1460 2648 legatos
1493 2581 1538 2623 ou

485 2685 598 2752 paoem
632 2667 818 2750 quaereront
854 2683 899 2726 an
935 2661 1069 2726 bellum
1123 2661 1247 2728 Nuntii
1286 2683 1366 2726 vero
1403 2661 1537 2727 classem

486 2770 636 2855 petentes
673 2764 895 2830 obviaverunt
927 2762 1077 2830 Oorinaeo
1112 2763 1153 2829 dc
1190 2763 1270 2830 navi
1303 2785 1432 2852 egresso
1463 2787 1538 2829 cum

485 2867 567 2935 viris
589 2865 750 2948 ducentis,
773 2871 814 2930 ut
843 2863 931 2930 infra
952 2887 1087 2932 nemora
1109 2867 1321 2933 venationem
1343 2867 1539 2954 adquireret.

487 2967 568 3035 Mox
591 2969 640 3034 illi
670 2968 805 3035 allocuti
837 2973 992 3054 quaerunt
1026 2969 1118 3057 quus
1151 2969 1286 3036 lieentia
1318 2970 1421 3036 saltus
1452 2971 1539 3057 regis

486 3073 624 3161 ingressi
657 3071 743 3138 feras
775 3076 938 3137 necarent
985 3071 1115 3154 Quibus
1140 3071 1310 3138 Corinaeus
1346 3072 1539 3160 respondit:

487 3174 672 3242 Licentiam
694 3172 795 3260 hujus
823 3173 872 3238 rei
894 3171 1125 3260 nequaquam⁸
1148 3173 1266 3239 debere
1289 3175 1396 3262 potiri
1436 3174 1540 3241 Irruit

487 3301 574 3344 unus
596 3299 639 3342 cx
669 3276 736 3341 illis
761 3277 794 3342 in
821 3275 1018 3354 Oorinaeum,
1042 3275 1223 3342 Ymbertus
1246 3276 1388 3357 nomine,
1411 3282 1447 3342 et
1469 3299 1541 3342 cur-

489 3387 567 3445 vato
604 3400 682 3446 arou
713 3377 871 3465 sagittam
906 3379 949 3444 ad
983 3378 1091 3464 ipsum
1124 3376 1269 3460 direxit;
1307 3377 1432 3444 vitavit
1466 3403 1538 3446 eom

491 3482 669 3562 Ocrinaeus,
715 3479 925 3567 cucurritque
962 3479 1052 3548 ocius
1088 3479 1126 3544 in
1158 3479 1357 3547 Ymbertum
1391 3487 1426 3547 et
1462 3503 1540 3546 arcu

391 3583 395 3590 '
490 3607 588 3672 quem
620 3582 757 3650 tenebat
791 3586 891 3670 caput
929 3582 960 3649 ei
992 3582 1029 3647 in
1060 3580 1184 3648 frustra
1215 3583 1367 3650 concidit.
1417 3583 1539 3651 Caeteri

523 3909 665 3976 'flumiaiq
701 3909 758 3961 The
784 3907 841 3960 lint
859 3909 907 3961 cot
924 3907 988 3960 orl.
1039 3910 1094 3962 anri
1105 3911 1146 3961 rel
1157 3910 1255 3976 argenti
1267 3911 1320 3962 sive
1336 3918 1539 3962 ornamentorum

492 3995 546 4040 lle.
558 3989 589 4040 B.
602 3993 664 4039 enos
680 3988 707 4040 in
725 3989 769 4040 the
787 3989 882 4040 middle
898 3989 928 4040 ol
940 3987 991 4040 thia
1040 3989 1186 4056 adquirebat
1197 3989 1404 4042 totnmmilitibus
1412 3992 1539 4056 erogabat.

489 4070 568 4119 ποτά
601 4067 687 4118 Belou
705 4067 735 4130 it,
750 4069 800 4118 aud
817 4067 991 4132 extendingto
1038 4069 1207 4120 Flumenta
1224 4069 1348 4120 mentione
1360 4069 1451 4120 Mundi
1462 4085 1540 4136 usqne

489 4147 533 4198 the
543 4146 648 4196 breadtlr
656 4145 687 4198 ol
694 4146 737 4197 the
745 4145 990 4210 colummiawrltten
1039 4149 1071 4198 ad
1090 4149 1226 4199 adnutum
1242 4149 1318 4214 hujus
1336 4147 1410 4198 Bruti
1427 4148 1454 4198 ln
1473 4149 1540 4200 hanc

488 4225 533 4278 the
544 4223 674 4288 following
684 4223 834 4278 noteinthe
842 4239 910 4276 same
921 4225 991 4275 hand
1038 4227 1145 4278 insulam
1168 4228 1229 4278 unni
1248 4227 1299 4278 tria
1323 4225 1393 4278 milia
1417 4231 1539 4294 nongenti

489 4319 517 4356 aa
527 4303 571 4354 the
581 4301 707 4367 marginal
718 4303 884 4354 notenotioetl
895 4305 990 4356 aborer
1039 4307 1177 4372 nonaginta
1191 4314 1256 4370 octo,
1266 4307 1315 4358 boc
1326 4313 1370 4364 est.
1382 4315 1439 4358 ante
1451 4309 1538 4358 urbem

489 4381 574 4432 -Iste
596 4381 690 4430 Brutus
717 4381 821 4431 interim
849 4382 940 4433 militia
966 4389 992 4434 ct
1040 4386 1167 4437 conditam
1192 4389 1259 4436 anno
1292 4386 1539 4454 quadringentesimo

488 4460 611 4526 probitate
639 4459 726 4526 vigere
754 4460 836 4524 cepit
858 4459 893 4511 ita
920 4469 949 4512 ut
976 4477 991 4512 a
1039 4465 1538 4532 quinquagesimo‚ante1ncarnationem

489 4539 592 4605 regibus
620 4545 645 4588 et
671 4537 826 4602 principibus
851 4553 904 4604 prae
921 4540 990 4590 omni
1040 4543 1135 4595 Christi
1146 4558 1284 4596 amoueo.

485 4619 618 4683 juventute
640 4617 728 4684 patriar
755 4625 887 4670 amaretur.
929 4619 992 4672 Erat
1071 4624 1132 4674 'De
1152 4623 1221 4690 aege
1240 4623 1538 4693 Aquiunnioelnmarg.

361 4705 378 4726 ·
489 4696 556 4750 enim
577 4697 643 4748 inter
665 4697 788 4762 sapienter
801 4699 908 4764 sapiens,
925 4698 991 4750 inter
1040 4701 1071 4752 B.

489 4777 620 4829 bellicosos
647 4777 787 4838 bellicosus,
815 4785 840 4832 et
873 4777 991 4848 quioquid
1072 4783 1257 4852 'aequuum
1271 4799 1407 4850 nunquam.
1443 4785 1472 4836 C.
