3656 5800
610 870 791 922 numoruu
814 871 1060 923 nrsroarsauu.
1286 859 1350 926 229

747 1175 827 1244 Osa
853 1175 897 1242 X.

356 1381 454 1446 LnYR
473 1385 626 1468 torpente
641 1379 743 1447 senio.
759 1381 1047 1448 insurrexerunt
1037 1405 1074 1448 m
1097 1403 1174 1448 eum
1196 1379 1347 1470 praedioti
1361 1387 1416 1440 The
1427 1397 1496 1454 story

297 1483 396 1550 duces
426 1483 579 1550 Albania
610 1487 644 1548 ct
668 1483 853 1565 Cornubiae,
878 1484 998 1572 quibus
1029 1485 1240 1550 Britanniam
1272 1508 1346 1551 cum
1358 1455 1462 1587 ᾖξε

297 1586 429 1652 filiabus
458 1586 636 1652 dimiserat
698 1583 920 1654 Abstulerunt
942 1586 985 1652 ab
1016 1609 1055 1654 eo
1092 1609 1232 1674 regnum
1262 1588 1347 1676 regi-

296 1711 414 1776 amque
436 1693 634 1777 potestatem
651 1710 751 1775 quam
767 1711 871 1776 usque
893 1689 937 1754 ad
959 1689 1043 1755 illud
1058 1693 1190 1778 tempus
1204 1690 1348 1756 viriliter

296 1796 331 1856 et
352 1791 492 1879 gloriose
522 1795 684 1858 tenuerat.
746 1790 932 1860 Concordia
954 1790 1079 1871 habita,
1103 1793 1247 1858 retinuit
1270 1815 1346 1859 eum

294 1894 380 1960 alter
414 1915 618 1982 generorum,
643 1893 845 1982 Margannus
882 1893 952 1960 dux
984 1893 1147 1986 Albaniae,
1179 1916 1254 1962 oum
1292 1911 1345 1962 xn.

295 1996 457 2062 militibus
501 2019 545 2062 ne
590 2017 701 2064 secum
746 1996 907 2085 inglorius
944 2002 1103 2064 maneret.
1164 1997 1347 2086 Indignata

295 2099 466 2166 Gonorilla
495 2121 581 2165 uxor
617 2099 710 2165 ducis
748 2104 783 2166 et
819 2099 890 2165 filia
927 2100 1014 2188 regis
1052 2101 1140 2186 Leyr
1174 2100 1216 2166 de
1249 2105 1347 2166 tanta

294 2201 419 2268 familia
448 2201 605 2267 maritum
635 2223 732 2267 suum
762 2200 885 2268 affatur
906 2207 946 2268 ut
975 2205 1113 2293 patrem}
1135 2224 1231 2268 suurn
1261 2220 1346 2268 xxx.

294 2305 439 2370 militum
478 2303 636 2391 obsequio
672 2305 742 2371 fore
779 2325 849 2371 esse
887 2308 1089 2371 contentum.
1148 2304 1249 2371 Unde
1287 2327 1347 2372 rex

293 2406 399 2473 iratus
421 2406 543 2493 petivit
566 2406 802 2494 Oonedagium,
826 2407 942 2473 ducem
976 2405 1161 2488 Oornubiae,
1192 2405 1266 2473 cui¹
1301 2407 1348 2472 al-

293 2513 400 2576 teram
444 2513 557 2575 natam
596 2509 712 2596 Regan
745 2509 969 2590 maritaverat,
1009 2531 1031 2576 a
1068 2532 1133 2597 quo
1171 2509 1348 2576 honorifice

294 2611 485 2699 susceptus²
507 2632 610 2699 usque
632 2612 676 2677 ad
705 2615 844 2699 tempus,
868 2613 927 2678 sed
956 2611 1044 2676 infra
1066 2634 1191 2677 annum
1215 2611 1349 2678 desiste·

293 2714 376 2781 bat³
406 2715 450 2781 ab
477 2736 586 2780 amore
617 2720 652 2782 et
683 2715 814 2781 honore.
868 2713 958 2780 Nam
984 2735 1071 2780 uxor
1104 2715 1195 2780 ducis
1227 2715 1348 2780 marito

294 2840 353 2885 suo
386 2839 445 2905 per
474 2817 613 2883 numina
635 2817 710 2883 coeli
736 2815 867 2903 juravit
897 2817 987 2903 quod
1017 2817 1209 2882 nullatenus
1238 2839 1348 2883 secum

293 2926 514 2988 commaneret
550 2919 623 2999 nisi,
657 2919 847 3007 postpositis
878 2919 1014 3000 crateris
1039 2920 1108 2986 solo
1135 2920 1242 2985 milite
1273 2941 1349 2986 con-

294 3029 408 3091 tentus
437 3021 573 3090 fuisset.⁴
634 3021 834 3110 Increpabat
865 3019 991 3088 etiam⁶
1014 3043 1090 3088 eum
1120 3043 1232 3088 senem
1254 3027 1290 3088 et
1312 3023 1349 3088 in

294 3127 387 3194 nulla
425 3150 461 3194 re
499 3125 726 3194 abundantem
766 3125 851 3192 velle
889 3146 965 3192 oum
1006 3129 1104 3192 tanta
1140 3125 1267 3191 familia
1298 3125 1349 3190 in-

294 3231 407 3298 cedere
419 3254 428 3309 ;
468 3228 662 3296 necessitate
689 3233 829 3318 urgente
858 3229 970 3316 paruit
1002 3227 1089 3316 Leyr
1111 3233 1146 3294 et
1175 3249 1250 3294 cum
1279 3227 1349 3294 solo

294 3334 402 3401 milite
423 3332 589 3400 remansit.

338 3437 388 3503 At
425 3457 499 3502 cum
529 3435 566 3500 in
604 3433 762 3502 memoria
797 3433 948 3523 pristina
983 3432 1158 3522 dignitatis
1194 3431 1349 3499 reductus

295 3540 419 3620 fuisset,
444 3537 641 3604 detestando
671 3537 837 3604 miseriam
868 3537 906 3603 in
937 3559 1003 3624 qua
1034 3540 1181 3617 steterat,
1205 3535 1348 3622 cogitare

294 3643 396 3730 coepit
429 3641 519 3728 quod
544 3641 648 3707 filiam
679 3640 847 3728 juniorem
880 3641 918 3706 in
947 3639 1098 3727 partibus
1120 3639 1350 3704 transmarinis

294 3747 409 3824 adiret,
434 3745 492 3810 scd
519 3742 697 3810 dubitabat
720 3742 827 3832 ipsam
849 3743 899 3808 nil
931 3742 1012 3809 boni
1035 3743 1100 3808 sibi
1122 3742 1237 3822 facere,
1269 3763 1350 3827 quo-
1421 3831 1424 3837 Ι

296 3849 387 3914 niam
410 3869 483 3913 eam
504 3852 575 3913 tam
607 3845 782 3934 ingloriose
811 3846 962 3913 dedisset.
1021 3845 1206 3932 Indignam
1235 3850 1349 3911 tamen

295 3947 463 4018 miseriam
485 3971 579 4016 suam
602 3950 728 4016 diutius
749 3950 834 4016 ferre
858 3949 982 4016 Galbae
1004 3947 1243 4014 transfretavit.
1282 3946 1349 4014 Sed

294 4077 368 4122 cum
397 4051 541 4120 terram⁰
572 4053 773 4118 Francorum
796 4052 976 4140 aspexisset
998 4073 1072 4118 aum
1103 4052 1185 4117 fletu
1216 4055 1252 4117 et
1282 4051 1348 4116 sin·

295 4157 393 4247 gultu
431 4155 468 4221 in
497 4155 569 4222 haec
597 4155 702 4222 verba
738 4155 913 4244 prorupit:
951 4153 981 4220 Ο
1013 4153 1242 4222 irrevocabilia
1264 4155 1350 4222 seria

836 4359 882 4366 --
886 4358 1015 4365 .,-..-.-..
1020 4357 1110 4365 .--—

329 4483 515 4554 ¹Csaedapiam
531 4523 538 4540 .
557 4523 564 4540 .
580 4524 588 4541 .
605 4483 660 4554 aar]
687 4483 799 4540 Written
845 4497 948 4536 annum.
982 4483 1016 4535 A.
1050 4483 1093 4536 the
1115 4483 1201 4536 letters
1222 4497 1239 4534 c
1261 4477 1350 4535 andi

295 4565 604 4634 uponanerasureinA.
760 4607 763 4612 .
846 4564 923 4630 being
934 4563 1113 4630 superscribed.

247 4665 250 4672 ¹
331 4684 490 4751 'succeptaq
510 4691 554 4736 est.
588 4685 645 4736 add.
679 4684 711 4736 B.
880 4643 1105 4790 ἰζὲῒῖᾒξωῗ
1125 4641 1157 4695 B'

332 4803 443 4854 'aarum
482 4801 622 4869 desistebat]
669 4801 803 4855 desistebat
880 4803 1004 4870 'senam
1023 4811 1098 4855 terra
1132 4802 1166 4855 D.
