3656 5800
601 885 785 937 aurosum
808 885 1058 936 nrsronmuuu
1283 873 1347 936 209

298 1057 475 1143 probitatis
507 1058 705 1126 adolescenti
745 1058 885 1124 daturus
922 1059 976 1140 sit,
1016 1079 1112 1144 quem
1151 1079 1195 1124 ex
1231 1081 1349 1146 genere
1364 1077 1497 1132 Thonis-

300 1166 422 1232 Priami
459 1171 494 1232 et
519 1165 674 1232 Anchisae
709 1170 916 1252 procreatum
940 1170 975 1230 et
1007 1164 1165 1230 nobilitas
1192 1165 1289 1252 quae¹
1314 1167 1351 1231 in
1363 1149 1464 1265 ffitg‘s

297 1267 369 1354 ipso
392 1268 522 1355 pululat
545 1273 581 1334 et
602 1268 691 1334 fama
714 1267 810 1334 nobis
833 1267 966 1354 cognita
989 1267 1142 1334 declarat.

344 1372 431 1452 Quia
462 1393 539 1459 ergo
570 1375 685 1438 tantus
711 1370 845 1454 juvenis
871 1375 968 1437 tanta
997 1370 1165 1458 probitate
1187 1369 1271 1436 mihi
1302 1393 1352 1436 re·

297 1475 411 1540 sistere
425 1475 544 1561 potuit,
560 1475 603 1540 do
617 1472 670 1539 ei⁹
692 1472 795 1538 filiam
810 1494 918 1539 meam
941 1472 1123 1560 Inogwen³
1139 1474 1347 1552 carissimam,

299 1577 342 1642 do
374 1577 405 1642 ei
436 1598 562 1656 aurum,
602 1580 786 1663 argentum,
818 1579 853 1642 et
891 1575 1049 1661 quicquid
1098 1576 1211 1642 itineri
1258 1575 1351 1662 ejus⁴

298 1679 471 1744 dixeritis⁵
496 1700 565 1746 esse
594 1679 824 1745 necessarium.
886 1677 933 1744 Et
955 1679 983 1743 si
1006 1700 1027 1742 a
1048 1679 1218 1766 proposito
1239 1683 1351 1746 vestro

298 1783 500 1848 divertentes
523 1803 598 1847 cum
630 1779 753 1848 Graecis
777 1801 982 1846 commanere
1009 1781 1190 1860 volueritis,
1214 1782 1351 1848 tertiam

298 1883 392 1971 regni
417 1881 507 1950 mci⁰
539 1889 668 1972 partem
700 1884 744 1948 ad
775 1883 1032 1950 inhabitandum
1070 1883 1163 1950 vobis
1200 1885 1348 1951 concedo

299 1985 381 2052 Sin⁷
402 1989 515 2052 autem
538 1987 697 2074 promissa
711 2007 785 2052 mea
803 2007 877 2054 cum
899 1985 1021 2054 effectu
1042 2007 1229 2074 prosequar,
1253 1991 1288 2052 et
1310 1991 1351 2053 ut

298 2088 475 2154 securiores
508 2089 589 2168 sitis,
614 2089 783 2156 vobiscum
817 2089 912 2176 quasi
944 2088 1039 2155 obses
1074 2089 1214 2156 manebo
1248 2089 1351 2156 donec

299 2191 409 2257 omnia
430 2190 652 2277 perficiantur.

344 2293 571 2360 conventione
608 2294 706 2374 facta,
738 2315 841 2360 naves
874 2315 933 2382 per
963 2293 1153 2360 universam
1188 2292 1350 2360 Graeciam

300 2396 444 2464 collectoe
467 2401 547 2462 sunt
569 2401 604 2464 et
620 2400 873 2484 praesentantur,
889 2417 1027 2462 numero
1049 2395 1256 2476 cccu1111.‚⁸
1271 2395 1352 2484 qui⁹

300 2499 389 2564 omni
404 2519 522 2586 genere
544 2498 641 2564 farris
664 2503 867 2579 onerantur3
889 2501 923 2564 et
946 2499 1106 2586 Inogwen
1123 2498 1229 2565 Bruto
1251 2499 1352 2564 mari·

299 2606 400 2666 tatur.
447 2601 593 2667 Peractis
623 2603 750 2667 cunctis
773 2623 834 2667 rex
855 2601 940 2667 liber
963 2600 1072 2682 abit‚¹⁰
1093 2601 1193 2668 Troes
1215 2601 1257 2666 ab
1281 2601 1352 2687 ejus

300 2707 464 2790 potestate
498 2703 648 2770 secundis
679 2704 790 2770 ventis
822 2703 1013 2770 abscedunt.
1060 2703 1110 2770 At
1142 2704 1293 2791 Inoguen
1317 2705 1353 2768 in

300 2805 429 2872 excelsa
449 2805 553 2894 puppi
575 2809 668 2871 stans
690 2805 809 2893 saepius
839 2805 928 2872 inter
960 2804 1094 2872 brachia
1117 2806 1214 2872 Bruti
1236 2807 1272 2872 in
1295 2828 1351 2871 ex-

301 2908 365 2974 tasi
387 2907 568 2974 collabitur.
615 2907 711 2973 Fusis
734 2929 808 2974 cum
829 2907 978 2998 singultu
1000 2908 1178 2996 lachrymis
1200 2913 1353 2996 parentes

301 3011 448 3077 deserere
470 3011 690 3098 conqueritur,
707 3033 768 3078 nec
790 3011 899 3078 oculos
921 3034 942 3078 a
964 3011 1060 3077 litore
1082 3009 1239 3090 avertit,¹¹
1272 3011 1353 3076 dum

301 3113 402 3179 litora
424 3113 527 3180 oculis
556 3118 760 3201 patuerunt3
791 3135 892 3199 quam
915 3113 1041 3180 Brutus
1064 3113 1240 3178 blanditiis
1262 3114 1352 3180 miti-

300 3237 382 3304 gans
412 3213 536 3282 nunc¹²
568 3217 679 3282 dulces
712 3216 885 3304 amplexus
907 3237 995 3281 nunc
1008 3215 1034 3252 ¹²
1057 3215 1151 3282 basia
1173 3216 1282 3281 dulcia
1304 3217 1355 3281 in-

301 3319 412 3384 nectit
458 3317 529 3384 Nec
560 3318 677 3405 coeptis
711 3317 779 3383 suis
813 3316 952 3398 desistit,
977 3317 1080 3384 donec
1109 3317 1191 3384 fletu
1213 3317 1356 3406 fatigata

301 3421 410 3510 sopori
433 3419 653 3486 submittitur.

347 3523 442 3592 Inter
463 3522 530 3588 alia
552 3523 681 3590 duobus
704 3521 820 3590 diebus
843 3525 878 3612 et
899 3543 967 3588 una
989 3525 1085 3588 nocte
1107 3543 1263 3610 prospero
1277 3541 1357 3588 ven-

213 3703 217 3712 ,
299 3630 408 3694 torum
423 3625 507 3691 flatu
529 3629 729 3691 concurrunt
741 3649 750 3706 ;
766 3625 997 3714 applicuerunt
1019 3625 1056 3689 in
1079 3625 1246 3710 quandam
1259 3623 1283 3662 ¹³
1305 3626 1356 3690 in-

302 3729 407 3796 sulam
431 3727 602 3815 Loegriam
624 3732 785 3806 vocatam,
802 3749 876 3814 quoe
899 3727 1084 3812 antiquitus
1106 3726 1148 3792 ab
1170 3727 1355 3794 incursione

302 3833 483 3921 piratarum
507 3833 640 3897 vastata
661 3851 682 3895 a
703 3829 834 3896 nemine
867 3827 1125 3896 inhabitabatur.
1170 3827 1255 3894 Illuc
1278 3852 1354 3917 ergo

302 3935 396 4001 misit
419 3932 546 3999 Brutus
572 3935 737 3998 trecentos
759 3935 903 3998 armatos
936 3931 980 3996 ad
1011 3929 1249 4018 explorandum
1273 3933 1354 4018 quid

1128 4123 1204 4130 -n—

338 4247 424 4314 1ᾳιιιε]
453 4247 504 4316 qui.
543 4249 572 4300 c.
891 4247 1044 4314 'cocrrrnr.]
1074 4247 1184 4300 Written
1202 4253 1259 4299 ³00.
1278 4253 1310 4298 24
1328 4248 1355 4298 in

336 4345 449 4412 'er'Jcc
486 4347 515 4398 C.
855 4326 963 4472 iifl-⁸]
994 4421 1033 4457 um
1073 4405 1131 4456 BD

335 4435 485 4594 :mg
495 4435 639 4578 uenam-en.
675 4435 706 4487 Β·
888 4421 1056 4552 ”iiosqaus
1069 4443 1257 4538 usstass
1291 4485 1357 4536 nn.

337 4618 481 4688 ‘dixeritid
494 4619 624 4672 duxeritis.
657 4617 722 4669 BJ).

336 4711 414 4777 ‘mer]
427 4727 477 4764 orn.
509 4713 576 4765 B.D.
887 4695 905 4726 ¹¹
915 4693 991 4762 nunc]
1005 4709 1031 4745 u.
1064 4693 1100 4746 A.

339 4801 421 4868 'Sin]
436 4801 471 4854 Si.
508 4805 538 4855 C.
886 4791 906 4821 ¹⁸
917 4786 1051 4856 quandum]
1065 4785 1179 4854 quadam.
1215 4783 1246 4838 O.

396 4897 471 4946 von.
489 4897 525 4945 11.
1205 4895 1227 4944 o

887 4567 904 4597 ¹¹
917 4565 1017 4630 amnt]
1031 4564 1140 4616 divertit.
1173 4563 1240 4616 B.D.

1009 4655 1022 4686 o
