3590 5844
565 843 747 894 nuuooruu
769 843 1016 894 summissu.
1242 832 1306 897 309

300 1014 449 1082 Collecta
481 1017 601 1082 deinde
634 1015 700 1082 sibi
734 1015 870 1082 subdite
902 1017 1084 1101 juventute
1122 1017 1306 1084 Eboracum
1320 1039 1376 1094 The
1388 1044 1449 1098 Hir·

253 1117 383 1202 petivit
431 1117 515 1184 Cum
549 1119 586 1184 id
613 1118 771 1205 Oolgrino
809 1122 1023 1256 compertum:
1048 1124 1142 1200 esset,
1174 1119 1369 1224 collegitKln
1319 1113 1417 1241 ‘⁰58⁰‘

253 1217 408 1299 Saxones,
439 1221 577 1300 Scottus,
617 1221 737 1301 Pictos,
770 1220 927 1306 venitque
966 1220 1017 1286 ei1
1058 1221 1191 1287 obviam
1230 1245 1303 1288 cum
1316 1173 1422 1295 Arliur.

251 1321 470 1388 multitudine
492 1323 638 1388 maxima
665 1322 746 1408 juxt
747 1344 768 1387 a
731 1322 931 1388 tfluvium
963 1323 1125 1410 Duglas
1115 1345 1152 1388 m
1180 1323 1300 1402 Sooeia,

250 1423 308 1487 ubi
339 1424 427 1491 facto
458 1447 633 1513 congressu
664 1429 882 1510 utrorumque
912 1425 1080 1490 exercitus
1114 1426 1152 1490 in
1184 1426 1302 1512 majori

249 1531 344 1610 parte
370 1527 577 1614 periclitatus
599 1527 672 1606 fuit,
690 1527 831 1592 victoria
853 1530 968 1592 temen
990 1529 1118 1614 potitus
1132 1528 1300 1595 Arthurus

253 1626 449 1714 Oolgrinum
470 1629 655 1717 fugientem
678 1629 846 1694 insecutus
869 1633 920 1693 est
941 1628 1190 1716 ingressumque
1211 1631 1300 1696 infra

249 1728 433 1798 Eboracum
471 1731 608 1798 obsedit.
663 1730 791 1794 Audita
829 1730 943 1816 itaque
980 1730 1094 1796 fratris
1131 1733 1184 1796 sui
1220 1731 1299 1820 fuga

249 1830 453 1919 Baldulphus
475 1855 550 1898 cum
565 1849 611 1898 Ἦ.
627 1832 760 1897 milibus
774 1831 923 1897 virorum
946 1832 1151 1899 obsidionem
1166 1835 1298 1921 petivit,

248 1938 288 1998 ut
324 1933 433 2020 ipsum
469 1935 632 2000 inclusum
669 1933 846 2015 liberaret3
881 1935 1013 2020 quando
1051 1941 1162 2000 autem
1196 1936 1299 2002 frater

246 2055 325 2100 suus
358 2042 565 2124 pugnaverat
595 2037 665 2123 ipse
698 2040 770 2102 erat
801 2041 978 2122 expectans
1013 2041 1171 2102 eventum
1206 2037 1297 2103 Obil-

247 2136 347 2204 derici
369 2139 461 2204 ducis
490 2139 591 2224 juxta
625 2138 803 2216 maritima,
827 2138 884 2223 qui
908 2138 954 2204 eis
988 2160 1030 2204 ex
1052 2138 1230 2205 Germania
1259 2139 1296 2204 in

245 2244 410 2310 auxilium
433 2250 594 2310 venturus
618 2249 697 2310 erat.

291 2345 376 2412 Cum
406 2347 518 2434 itaque
540 2352 626 2412 esset
657 2345 766 2433 spatio
799 2365 830 2413 x.
855 2345 1097 2412 miliariorum²
1129 2348 1172 2412 ab
1204 2347 1293 2427 urbe,

245 2449 386 2514 statuit³
415 2455 613 2515 nocturnum
643 2450 708 2514 iter
738 2447 904 2536 arripere⁴
934 2453 973 2513 ut
994 2448 1153 2514 furtivam
1187 2449 1295 2536 irrup

243 2549 368 2616 tionem
383 2551 513 2616 faceret.
553 2550 649 2632 Quod
664 2551 797 2616 edoctus
809 2551 976 2616 Artburus
986 2548 1109 2635 jussit⁶
1125 2549 1293 2629 Oadorem,

244 2651 360 2718 ducem
393 2652 578 2732 (iornubiae,
603 2674 678 2717 cum
711 2669 758 2718 VI.
781 2651 916 2717 milibus
947 2656 1150 2716 armatorum
1177 2657 1212 2717 et
1243 2669 1294 2718 111.

245 2754 379 2820 milibus
400 2754 552 2842 peditum
575 2754 690 2820 eadem
724 2759 822 2820 nocte
854 2753 906 2817 illi
928 2752 1073 2834 obviare,
1099 2754 1157 2840 qui
1179 2754 1295 2820 viam⁰

245 2877 344 2941 quam
378 2857 489 2922 hostes
519 2856 736 2943 praeteribant
767 2860 885 2920 nactus
922 2854 1098 2942 inopinum
1131 2855 1293 2942 impetum

244 2957 330 3035 fecit,
373 2958 559 3024 dilaceratis
599 2961 699 3044 atque
732 2957 917 3025 interfectis
955 2957 1145 3023 Saxonibus
1182 2959 1295 3045 fugem

244 3059 352 3124 facere
374 3059 489 3146 coegit.
534 3059 601 3125 Hic
623 3066 735 3126 autem
758 3059 849 3124 ultra
880 3059 1017 3124 modum
1051 3060 1179 3140 anxius,
1204 3061 1294 3146 quod

245 3161 342 3226 fratri
378 3183 437 3226 suo
470 3160 632 3226 auxilium
667 3161 864 3228 subnectere
897 3163 1060 3248 nequiret,
1095 3161 1295 3230 deliberavit

245 3262 334 3350 apud
355 3284 390 3328 se
422 3262 564 3348 qualiter
586 3261 746 3349 colloquio
768 3285 828 3328 suo
850 3262 1023 3328 frueretur.
1070 3263 1296 3331 Existimabat

245 3365 334 3430 anim
356 3365 486 3430 aditum
508 3364 625 3431 salutis
647 3365 818 3430 amborum
840 3365 975 3432 coneilio
997 3365 1180 3430 machinari
1202 3389 1295 3453 posse

244 3467 272 3533 si
287 3466 377 3532 illius
391 3467 567 3553 praesentia
589 3466 752 3552 quivisset
775 3466 885 3554 potiri.
932 3467 1016 3533 Cum
1030 3467 1137 3554 igitur
1158 3469 1294 3534 alterius

244 3569 334 3634 modi
357 3567 485 3633 aditum
507 3589 575 3633 non
589 3568 732 3646 haberet,
749 3569 832 3634 rasit
854 3569 988 3658 capillos
1010 3591 1086 3634 suos
1100 3575 1136 3635 et
1158 3569 1294 3636 barbam

244 3671 435 3756 cultumque
467 3669 660 3756 joculatoris
694 3692 768 3736 cum
807 3669 956 3736 cithara⁷
987 3671 1117 3737 aditum
1139 3671 1293 3755 invenit;

243 3773 362 3838 deinde
385 3771 474 3836 infra
496 3777 604 3837 castra
634 3771 848 3837 deambulans
881 3773 1024 3838 modulis
1057 3795 1137 3860 quos
1159 3774 1196 3838 in
1218 3774 1294 3859 lyra

244 3873 460 3960 componebat
497 3894 565 3939 sese
600 3873 807 3939 citharistam
846 3874 1033 3940 exhibebat.
1081 3873 1166 3941 (ium
1204 3875 1293 3942 enim

244 3975 329 4040 nulli
353 3973 569 4062 suspectum⁸
591 3980 676 4040 esset
698 3976 833 4041 aomesit
854 3975 899 4040 ad
920 3976 1045 4042 moenia
1066 3976 1159 4042 urbis
1181 3978 1294 4064 paula-

243 4077 316 4154 tim,
347 4082 486 4164 caeptam
520 4075 746 4142 similitatem⁰
779 4077 903 4144 faciens
915 4103 924 4158 ;
946 4083 1110 4165 postremo
1145 4101 1220 4145 cum
1243 4080 1295 4146 in-

276 4417 329 4485 ¹ea]
348 4433 397 4470 om.
431 4419 497 4471 B.D.
825 4419 921 4486 'amm]
942 4419 992 4470 via.
1025 4419 1059 4470 D.

275 4495 467 4564 ‘milior-iones]
485 4499 742 4551 millenariorum
827 4497 956 4566 mamm]
974 4497 1088 4549 induens.
1107 4499 1163 4549 add.
1192 4499 1226 4550 D.

277 4577 395 4642 ἐκτενῆ]
414 4577 506 4628 cutim
545 4579 610 4629 B.D.
827 4577 996 4644 ἐιεερεοιιυιῇ
1015 4585 1151 4642 suspectus
1186 4578 1251 4630 B.D.

278 4655 419 4720 ἀνήρετο]
439 4656 552 4720 arripuit.
578 4657 643 4708 B.D.
827 4653 1006 4721 ’similitatauJ
1033 4649 1179 4710 similatam.
1196 4657 1263 4708 Aa.

276 4733 381 4798 'juariq
399 4733 475 4786 misit.
514 4735 545 4786 13.
795 4734 955 4786 simultatem.
990 4735 1024 4786 D.
