3696 5794
634 908 817 960 aunocruu
841 903 1090 958 nrsroaunuu.
1327 897 1390 962 169

344 1086 498 1154 conflictu
536 1083 793 1154 cambrensibus
837 1083 1057 1164 infestissima,
1096 1084 1139 1150 ad
1185 1083 1394 1150 subeundum
1408 1102 1497 1156 orne

345 1195 469 1256 terram
500 1188 665 1274 marisque
696 1185 842 1274 periculo
872 1207 934 1274 pro
964 1187 1056 1252 lucro
1090 1187 1254 1274 captando
1286 1171 1537 1288 proni-{mm
1608 1201 1616 1216 ·

347 1291 484 1369 oissima,
509 1289 651 1356 vicissim
680 1311 740 1376 pro
762 1289 833 1355 loco
856 1295 891 1354 et
912 1293 1060 1376 tempore
1082 1311 1171 1356 nuno
1208 1290 1252 1355 ad
1283 1294 1397 1354 aratra
1409 1303 1525 1370 English.

346 1415 436 1459 nunc
449 1393 493 1458 ad
507 1413 600 1460 arma
613 1391 827 1458 accommoda.
875 1389 949 1456 Hac
973 1395 1086 1457 autem
1112 1390 1154 1456 do
1178 1397 1278 1480 gente
1303 1395 1397 1456 notor

346 1495 413 1562 bilo
429 1495 511 1560 mihi
531 1495 666 1560 videtur
683 1493 772 1580 quod
789 1493 1030 1580 quodammodo
1057 1493 1178 1581 spiritu
1204 1493 1395 1582 prophetico

347 1619 391 1663 an
421 1597 564 1664 fanatico
593 1595 707 1662 futura
736 1595 937 1682 praesagiunt
959 1596 1049 1682 pacis
1075 1601 1109 1662 et
1134 1617 1270 1682 guerras,
1293 1595 1397 1662 caedes

348 1705 383 1765 et
420 1698 584 1764 adulteria
622 1697 812 1763 notularum
859 1697 990 1762 indiciis
1027 1698 1207 1763 certissime
1246 1698 1398 1764 declarat.

349 1800 490 1888 Reliqua
528 1821 608 1866 vero
646 1821 727 1887 gens
761 1798 948 1887 Anglorum
986 1799 1159 1887 Loegriam
1196 1799 1396 1878 inhabitans,

348 1907 464 1990 utpote
500 1899 675 1980 insulana,¹
706 1901 874 1988 permixta
903 1905 938 1968 ot
970 1925 990 1967 a
1022 1902 1203 1988 primitivis
1242 1903 1399 1969 scatebris

348 2005 456 2092 longis
478 2003 636 2084 derivata,
660 2004 793 2092 proprio
816 2007 910 2070 motu
932 2008 966 2070 et
999 2005 1069 2070 sine
1101 2005 1231 2071 alieno⁹
1262 2005 1399 2071 hortatu

349 2107 444 2174 facile
465 2108 612 2174 flectitur
634 2107 677 2172 ad
700 2107 858 2195 opposita,
882 2107 932 2172 ita
954 2107 1043 2172 enim
1065 2111 1105 2174 ut
1127 2129 1201 2173 cum
1233 2109 1399 2174 extraneis

349 2232 417 2276 non
447 2210 667 2298 congreditur,
700 2209 789 2275 inter
822 2209 953 2296 seipsos,
986 2230 1076 2275 moro
1109 2211 1205 2276 vacui
1239 2211 1400 2276 stomachi

349 2335 383 2378 se
405 2313 514 2400 ipsum
536 2311 770 2386 corrodentem,
794 2311 845 2376 ita
866 2311 955 2376 inter
976 2333 1010 2378 sc
1032 2313 1296 2400 congrediuntur.

396 2415 483 2480 Gens
514 2436 595 2482 varo
633 2413 799 2480 Australis
835 2413 977 2499 quietior
1016 2419 1051 2480 ct
1091 2415 1211 2494 mitior,
1255 2415 1401 2482 Borealis
1415 2431 1536 2484 etalem

349 2539 428 2584 vero
458 2517 610 2584 mobilior
639 2522 674 2582 et
700 2517 846 2598 ferocior,
877 2537 957 2602 gens
986 2515 1075 2583 inter
1100 2516 1209 2584 media
1235 2517 1402 2606 participii
1414 2499 1560 2616 polonoru-

351 2619 458 2686 vicem
482 2625 584 2687 tenet.
1415 2603 1485 2684 Ab.

397 2723 486 2788 Gens
508 2723 573 2788 ista
596 2721 790 2808 Angligena,
807 2743 876 2808 prae
892 2720 1018 2787 caeteru
1045 2721 1237 2788 nationibus
1263 2721 1345 2788 cibis
1370 2729 1404 2788 et
1416 2748 1496 2800 Their
1506 2749 1563 2801 love

350 2824 485 2912 potibus
500 2823 623 2906 dedita,
637 2824 672 2888 in
688 2823 781 2889 victu
803 2828 838 2889 et
860 2823 985 2889 vestitu
1008 2823 1172 2890 nimium³
1187 2831 1380 2914 sumptuosa
1393 2851 1402 2908 3
1416 2815 1537 2882 ⁰f⁰⁸¹¹⁰ss

351 2926 440 3012 quod
474 2927 606 3012 quidem
636 2926 757 2992 vitium
787 2949 808 2990 a
837 2925 954 2990 diebus
992 2925 1111 2990 Danici
1149 2928 1235 3014 regis
1273 2927 1402 2994 Harde·
1415 2883 1543 3016 biblios.

351 3027 497 3110 kanuti‚⁴
512 3029 570 3114 qui
591 3028 642 3094 bis
668 3027 746 3093 bina
772 3027 894 3093 fereula
917 3027 953 3091 in
978 3027 1081 3094 coenis
1103 3027 1247 3114 jusserat
1273 3031 1401 3118 apponi,

352 3132 496 3198 ereditur
518 3131 728 3197 contraxisse.

397 3234 486 3300 Gens
515 3234 586 3300 haec
615 3239 685 3298 tam
711 3233 793 3319 pede
824 3253 923 3318 quarn
949 3253 1034 3318 equo
1058 3235 1221 3320 expedita,
1238 3237 1281 3300 ad
1307 3257 1403 3302 omne
1417 3257 1496 3309 Their

353 3357 456 3422 genus
478 3357 642 3401 armorum
664 3334 879 3412 accommoda,
896 3333 939 3400 ad
961 3357 1092 3400 omnem
1115 3335 1243 3404 militiae
1274 3339 1403 3406 conflic-
1416 3323 1527 3390 military

353 3435 448 3502 tum⁶
488 3441 574 3525 apta
620 3437 663 3500 ln
694 3435 818 3502 bellicis
839 3437 1090 3522 congressibus,⁶
1124 3437 1189 3502 nisi
1222 3437 1312 3504 fraus
1346 3394 1574 3508 zib-iiiiii&

353 3537 478 3617 fuerit,⁷
515 3539 600 3605 solet
637 3537 807 3604 lauream⁸
845 3537 1034 3624 reportare.n
1081 3537 1170 3604 Gens
1204 3539 1317 3627 itaque
1340 3523 1516 3608 istallw·

353 3642 479 3706 curiosa
506 3641 589 3707 satis
626 3645 665 3706 ut
703 3645 817 3707 noscat
853 3647 914 3706 aut
962 3647 1073 3706 narret
1120 3643 1285 3709 mirabilia
1331 3668 1406 3732 quae

355 3743 477 3810 viderit
499 3743 553 3810 vol
576 3743 728 3810 audierit.
776 3743 938 3830 Regiones
949 3741 973 3780 ¹⁰
996 3744 1147 3824 rimatur,
1171 3744 1208 3810 in
1241 3747 1309 3811 solo
1332 3769 1405 3834 pro·

356 3846 426 3932 prio
449 3845 509 3910 vix
531 3846 732 3933 locupletior,
757 3846 794 3910 in
816 3845 1006 3932 longinquis
1036 3847 1141 3934 magis
1175 3848 1263 3914 felix.
1310 3849 1407 3916 Nova

354 3948 498 4013 nancisci
536 3949 653 4014 melius
689 3949 786 4014 novit
818 3971 917 4034 quam
949 3949 1161 4014 haereditaria
1192 3972 1407 4034 conservare;

354 4049 432 4116 hinc
463 4054 514 4115 est
545 4050 631 4136 quod
656 4049 723 4115 late
746 4072 804 4138 per
826 4051 938 4116 orbem
961 4050 1171 4138 dispergitur,
1196 4059 1317 4140 putans
1341 4056 1405 4122 sibi

355 4173 451 4218 omne
473 4151 579 4218 solum
602 4153 743 4239 patriam
767 4174 836 4218 esse
858 4153 1033 4239 propriam.

357 4357 394 4366 ι·-
410 4359 444 4364 ---
1136 4363 1404 4372 -—--.-—--

391 4489 646 4558 ¹1m1armJinsuu.
681 4495 745 4546 RD.
939 4499 1136 4566 ‘conpressum
1155 4501 1321 4554 conflictibus.
1343 4503 1373 4552 B.

390 4568 503 4636 ²alr'eoo]
523 4571 637 4624 auorum.
673 4575 739 4626 RD.
939 4577 1081 4647 ’absuoifl
1100 4581 1206 4634 affuerit.
1240 4585 1304 4636 B.D.

391 4653 525 4718 'nimiumJ
544 4653 628 4704 nimis.
664 4657 728 4706 RD.
939 4657 1081 4728 'loureom]
1101 4663 1222 4714 lanceam.
1257 4665 1288 4716 B.

392 4731 603 4802 ‘Hordelonutfl
623 4736 861 4790 naumurum).
938 4743 1096 4808 ”repormrd
1116 4753 1255 4809 apportare.
1288 4747 1352 4798 B.l).

392 4811 564 4880 'conflictumJ
584 4818 697 4868 eatadd.
731 4818 795 4870 B.D.
938 4823 958 4852 ¹⁹
974 4821 1086 4874 Notain
1099 4839 1179 4890 marg.
1208 4826 1243 4877 A.

448 4908 522 4958 von.
539 4909 575 4960 11.
1159 4921 1179 4968 n
1196 4909 1214 4969 5
1233 4937 1272 4970 ψ-
