3656 5800
576 915 766 966 nunooruu
789 913 1040 965 nrsrosmsmr.
1280 903 1346 966 241

283 1086 493 1155 Britanniam
517 1087 632 1154 odivit.
679 1087 864 1175 Divulgato
895 1087 1012 1154 Belino
1035 1087 1239 1155 adventum¹
1272 1088 1337 1153 fra-

281 1191 344 1258 tris
371 1212 501 1256 omnem
525 1179 707 1256 exercitum
731 1196 848 1256 contra
870 1213 945 1256 eum
966 1190 1098 1278 collegit
1116 1195 1152 1256 et
1176 1191 1213 1256 in
1234 1211 1336 1256 manu

282 1295 360 1360 forti
398 1293 429 1358 ei
461 1292 621 1360 obviavit.
682 1293 750 1360 Sed
787 1315 862 1358 cum
900 1293 977 1358 hinc
1014 1297 1049 1358 et
1085 1292 1163 1358 inde
1200 1297 1339 1358 statutae

282 1396 408 1462 fuerint
429 1395 577 1462 cohortes
615 1399 650 1462 et
679 1416 754 1461 eum
784 1395 852 1461 iere
882 1394 1091 1462 commiscere
1127 1395 1335 1481 incepissent,

283 1497 477 1564 acceleravit
502 1502 610 1563 meter
635 1497 815 1578 amborum,
841 1496 976 1562 nomine
1002 1495 1156 1574 Conwen,
1181 1519 1256 1582 quse
1280 1496 1339 1562 ad·

283 1601 347 1666 huc
383 1599 532 1679 vivebat,
570 1619 628 1686 per
666 1604 794 1665 turmas
832 1598 1010 1680 incedens;
1053 1599 1217 1664 estuabat
1250 1599 1338 1664 enirn

283 1703 390 1768 filium
425 1702 538 1768 videre
576 1723 673 1788 quem
718 1700 824 1767 multo
861 1707 1009 1789 tempore
1046 1722 1115 1766 non
1151 1706 1336 1788 aspexerat.

285 1805 394 1871 Meter
417 1824 546 1891 quoque
568 1803 704 1868 nudatis
727 1803 884 1870 uberibus
906 1803 1003 1868 illurn
1027 1803 1063 1868 in
1089 1804 1177 1870 hunc
1203 1803 1339 1870 modum

285 1907 388 1972 affata
401 1911 462 1982 est,
485 1925 667 1971 sermonem
683 1905 884 1993 impediente
899 1905 1051 1993 singultu
1067 1931 1123 1972 :-

331 2009 510 2086 Memento
536 2007 594 2086 fili,
618 2013 783 2074 memento
813 2007 951 2074 uberum
983 2007 1125 2074 istorum
1156 2029 1231 2094 quae
1262 2029 1339 2073 sux-

285 2111 351 2189 isti,
381 2110 560 2197 matrisque
583 2115 652 2176 tuse
681 2109 769 2176 uteri
800 2109 964 2198 angustiis
986 2131 1060 2176 mea
1084 2110 1210 2176 viscera
1236 2111 1340 2176 cruci-

287 2213 441 2294 antibus;
463 2211 618 2298 petitioni
641 2233 722 2278 mese
745 2211 927 2298 adquiesce‚
943 2211 1103 2299 fratrique
1128 2218 1188 2279 tuo
1209 2213 1341 2278 veniam

286 2314 425 2382 concede
461 2319 560 2401 atque
596 2313 761 2400 inceptam
798 2315 883 2380 iram
927 2336 1100 2402 compesce.
1174 2315 1342 2382 Memento

287 2417 414 2483 nullam
451 2415 535 2481 iram
572 2416 729 2482 adversus
767 2438 842 2482 eum
879 2415 999 2482 habere
1037 2417 1143 2497 debes,
1183 2418 1241 2505 qui
1278 2418 1343 2483 tibi

288 2519 414 2586 nullam
438 2517 670 2584 contumeliam
694 2519 826 2606 incepit.
887 2519 967 2586 Non
993 2519 1080 2585 enim
1107 2524 1142 2585 te
1165 2520 1297 2608 fugavit
1324 2543 1345 2584 a

288 2644 398 2710 regno,
421 2625 462 2686 ut
491 2619 636 2686 deterius
667 2621 732 2686 tibi
763 2621 980 2709 contingeret,
1004 2622 1062 2687 sed
1092 2623 1199 2708 coegit
1225 2621 1344 2688 deteri-

289 2748 346 2791 ora
361 2728 555 2812 postponere
580 2727 619 2788 ut
634 2723 765 2810 potiora
790 2724 977 2810 susciperes.
1024 2723 1186 2789 Subditus
1201 2745 1345 2810 namque

289 2827 339 2893 illi
360 2831 489 2914 partem
511 2825 606 2912 regni
630 2824 819 2913 possideas²
845 2847 945 2912 quam
967 2830 1007 2892 ut
1025 2826 1173 2906 amisisti,
1197 2849 1257 2913 par
1282 2827 1346 2892 sibi

290 2929 396 2996 fectus
431 2949 465 2994 es
494 2949 634 3015 regnum
669 2925 912 3014 Allobrogum³
934 2927 1080 3016 adeptus
1142 2928 1238 2994 Adde
1268 2951 1346 3016 ergo

291 3031 379 3119 quod
416 3029 591 3096 dissidium
620 3029 709 3096 inter
738 3051 797 3096 vos
828 3035 937 3096 ortum
959 3051 1026 3096 non
1056 3052 1115 3116 per
1143 3031 1252 3119 ipsum
1289 3031 1347 3096 sed

291 3137 405 3222 perte
429 3138 573 3220 coeptum
598 3131 671 3210 fuit,
698 3131 756 3218 qui
778 3131 903 3198 auxilio
926 3131 1012 3220 regis
1037 3131 1222 3220 Noruegiae
1245 3132 1348 3199 fretus

292 3237 328 3302 in
343 3235 451 3322 ipsum
466 3234 634 3322 insurgere
650 3239 855 3300 aestuaveras.

338 3337 444 3424 Super
480 3336 560 3402 fletu
598 3335 736 3402 matris⁴
770 3335 935 3402 Brennius
967 3335 1099 3402 sedatus
1132 3335 1259 3423 galeam
1292 3337 1348 3404 de-

293 3438 411 3528 posuit,
435 3444 470 3504 et
495 3460 568 3504 cum
591 3460 630 3504 ea
654 3439 697 3504 ad
723 3437 859 3504 fratrem
889 3439 1041 3525 perrexit.
1087 3437 1221 3504 Belinus
1246 3439 1350 3526 igitur

294 3544 402 3629 ipsum
424 3546 577 3627 pacatum
591 3539 716 3618 ridens,
733 3540 869 3626 abjectis
891 3541 999 3623 armis,
1016 3543 1052 3606 in
1074 3541 1243 3628 amplexus
1264 3542 1347 3630 ejus-

295 3645 369 3713 dem
393 3665 467 3708 cum
490 3641 599 3711 osculo
622 3643 774 3710 cucurrit.

724 3998 805 4067 Gar.
831 3999 922 4067 XVI.

342 4205 564 4276 Psclrmtms'
601 4209 733 4299 regibus
755 4215 790 4277 et
816 4209 1004 4278 cohortibus
1033 4216 1213 4281 exarmatis
1234 4213 1352 4282 urbem

297 4311 538 4379 Trinoventum
561 4313 773 4379 advenerunt.
826 4313 881 4378 Ibi
904 4315 1041 4381 consilio
1071 4323 1178 4404 coepto
1202 4320 1283 4404 quid
1304 4319 1352 4384 fa-

298 4421 408 4480 cerent
438 4422 640 4502 paraverunt
662 4417 842 4482 exercitum
872 4438 1076 4484 communem
1103 4420 1140 4483 in
1171 4420 1353 4488 Galliarum

1073 4603 1351 4612 md*—

333 4697 493 4765 mosenum]
523 4701 641 4752 adventu.
685 4700 718 4751 B.
762 4701 805 4751 the
882 4701 1068 4770 ’Allobrogum
1088 4704 1253 4758 Allobricum.
1287 4707 1353 4757 B.D.

301 4775 617 4832 circumflexrnbbedout.
884 4781 1002 4849 maras]
1021 4785 1105 4834 uraris.
1140 4784 1170 4836 B.
1204 4785 1356 4836 thetintcr·

335 4855 493 4922 1ρυεείιίιεαε]
512 4859 664 4923 possidebas.
697 4859 763 4912 BJ).
853 4863 927 4912 linrd.

392 4951 468 5004 VOL.
493 4951 528 5006 11.
1202 4965 1224 5024 Q
