3590 5844
542 893 607 962 ³54
840 909 1024 962 nuaoeunr
1046 908 1293 962 u1sron1samc

372 1086 501 1222 {2:21⁸-
540 1086 676 1154 hostiles
713 1091 861 1154 catervas
897 1086 1008 1154 subito
1053 1107 1150 1154 cursu
1195 1107 1353 1174 eqnonrm
1388 1085 1508 1154 locum
1546 1081 1602 1152 ubi

541 1189 700 1258 vexillum
732 1191 817 1278 regis
842 1189 1016 1256 Medorum
1038 1195 1213 1278 aspexerat
1244 1189 1375 1278 petivit,
1400 1211 1527 1278 parum
1549 1211 1602 1256 ex·

540 1294 690 1382 cogitans
712 1294 793 1380 quid
814 1293 879 1358 sibi
911 1293 1116 1380 contingeret
1149 1295 1229 1359 dum
1260 1293 1469 1360 avrmculum
1504 1314 1600 1358 suum

538 1397 730 1464 vindicaret
767 1395 920 1484 Adeptus
942 1395 1079 1462 tandem
1102 1397 1209 1462 locum
1233 1418 1332 1484 quem
1354 1395 1596 1464 affectaverat¹

534 1500 730 1586 predictum
759 1519 870 1586 regem
914 1499 1065 1586 peremit,
1102 1504 1373 1586 peremptumque
1405 1500 1455 1566 ad
1501 1499 1599 1564 socios

535 1623 611 1672 suos
641 1601 839 1690 deportavit,
870 1603 905 1668 et
932 1601 1035 1688 juxto
1064 1623 1183 1690 corpus
1206 1602 1359 1668 Redveri
1382 1601 1599 1668 membratim

535 1705 721 1772 dilaniavit.

580 1807 732 1894 Denique
754 1807 901 1872 maximo
923 1807 1064 1874 clamore
1094 1807 1281 1874 concivium
1303 1829 1443 1874 suorum
1470 1813 1596 1874 turmas

534 1910 750 1976 inanimando
772 1909 969 1976 hortabatur
991 1909 1027 1974 in
1050 1909 1160 1976 hostes
1190 1911 1313 1976 irruere
1337 1911 1466 1978 crebris
1491 1911 1593 1997 irmp

533 2013 689 2092 tionibus,
713 2013 793 2080 dum
825 2012 873 2080 eis
894 2013 1002 2078 virtus
1035 2017 1185 2080 recenter
1207 2012 1368 2090 fervebat,
1402 2015 1491 2080 dum
1531 2013 1595 2079 illis

532 2115 752 2183 formidolosis
773 2119 889 2202 pectus
910 2114 1083 2192 tremebat,
1100 2115 1181 2180 dum
1203 2115 1352 2182 cominus
1375 2117 1593 2182 imminentes

533 2219 714 2306 sapientius
745 2241 843 2306 quom
874 2217 985 2284 crateri
1014 2239 1074 2305 per
1103 2221 1254 2284 catervas
1275 2219 1432 2307 dispositi
1476 2220 1593 2306 sapius

533 2328 641 2388 essent
677 2327 776 2408 etque
814 2320 978 2388 crudelius
1015 2320 1175 2386 damnum
1209 2321 1357 2410 ingerere
1394 2323 1589 2388 valuissent

533 2425 716 2492 Inanimati
747 2423 874 2510 igitur⁹
897 2423 1084 2490 hortamine
1106 2423 1196 2490 illius
1225 2424 1387 2512 impetum
1422 2427 1462 2490 in
1486 2426 1591 2490 hostes

531 2520 678 2614 undique
715 2527 872 2598 fecerunt.
895 2547 960 2614 quo
991 2525 1139 2592 maxima
1167 2530 1295 2614 strages
1321 2527 1477 2615 utrisque
1507 2527 1588 2606 tirit3

530 2631 567 2695 in
589 2635 684 2720 parte
708 2651 850 2714 namque
872 2627 1107 2709 Romanorum,
1122 2630 1267 2717 exeeptis
1290 2629 1587 2696 innumerabilibus

529 2732 612 2810 aliis,
644 2731 840 2819 Alipbatina
862 2753 921 2796 rex
945 2729 1119 2818 Hispaniae
1149 2737 1183 2797 et
1212 2731 1350 2819 Micipsa
1372 2732 1586 2820 Babyloniam

530 2833 674 2916 Quintus
696 2854 828 2920 quoque
852 2831 999 2912 Milvius,
1023 2838 1058 2900 et
1082 2832 1209 2900 Marius
1233 2833 1386 2923 Lepidus,
1409 2841 1585 2914 senatores,

529 2941 747 3004 corruerunt:
773 2936 962 3002 ceciderunt
998 2935 1035 3000 in
1072 2941 1167 3023 parte
1201 2937 1388 3018 Britonum,
1424 2938 1589 3004 Holdinus

527 3061 587 3106 rex
618 3039 833 3117 Rutenorum,
859 3037 1081 3126 Leodegerius
1113 3039 1315 3122 Bolonensis,
1340 3039 1490 3108 Oursnlis
1514 3039 1583 3108 Osi·

527 3141 724 3224 cestrensis,⁸
755 3141 905 3208 Gaulane
940 3139 1212 3234 salesburiensis·
1226 3147 1262 3210 et
1301 3141 1516 3230 Urbgenius‘
1544 3142 1582 3206 de

528 3246 674 3327 Bedone,
699 3245 849 3312 consules
882 3245 1066 3311 Britannice
1078 3269 1087 3326 ;
1118 3245 1209 3312 unde
1243 3249 1363 3312 turmas
1394 3269 1479 3332 quas
1513 3267 1582 3312 oon·

527 3347 718 3415 ducebont⁸
764 3347 909 3414 multum
955 3347 1139 3414 debilitate
1185 3351 1444 3416 retrocesserunt
1483 3351 1581 3416 donec

527 3452 716 3518 venerunt⁰
738 3451 782 3516 ed
815 3449 919 3516 eciem
946 3449 1238 3518 Armoricenorum
1272 3451 1450 3518 Britonum
1485 3472 1579 3538 quam

527 3554 654 3620 Hoelue
684 3557 719 3620 et
741 3551 948 3641 Walgaynus
981 3553 1151 3642 regebant
1205 3554 1289 3636 Quae
1321 3555 1415 3622 velut
1448 3557 1580 3622 flamme

525 3657 695 3745 ignescens
724 3657 885 3744 impetum
922 3655 1003 3722 facit
1038 3657 1074 3722 in
1104 3658 1216 3724 hostes
1245 3662 1279 3724 et
1316 3660 1481 3726 revocetis
1511 3657 1572 3724 illis

525 3761 583 3847 qui
616 3761 868 3826 retrocesserunt
899 3757 974 3824 illos
1001 3759 1059 3846 qui
1089 3757 1211 3846 paulo⁷
1240 3759 1452 3847 insequentes
1493 3781 1578 3826 nnnc

524 3863 612 3950 ipsos
633 3859 821 3950 fogientcs⁸
842 3861 1029 3948 prosternit,
1065 3883 1153 3928 nunc
1184 3863 1351 3942 interficit,
1377 3887 1466 3932 nunc
1497 3870 1575 3932 stra-

524 3986 599 4052 gem
636 3965 785 4052 ingerere
822 3962 951 4030 cessat⁰
982 3964 1086 4032 donec
1123 3965 1166 4030 od
1196 3971 1341 4032 turmam
1373 3965 1576 4054 imperatoris

524 4067 684 4153 pervenit,
708 4067 766 4152 qui
788 4067 861 4132 vise
892 4066 1081 4133 calamitate
1116 4069 1274 4134 sociorum
1308 4077 1463 4158 properat
1500 4069 1573 4157 ipsis

526 4189 715 4235 succursum
739 4173 903 4255 praestare.

570 4339 584 4344 -
590 4338 680 4344 --—
686 4339 824 4348 -———

431 4447 437 4462 ·
558 4429 750 4498 ¹affoccovsrcc]
764 4431 901 4486 mataras
934 4433 965 4486 B.
1106 4437 1255 4504 ὐεποηιηι]
1270 4437 1391 4490 venirent
1425 4439 1458 4490 D.

553 4523 663 4591 ²iyitar]
677 4538 745 4590 ergo.
779 4525 813 4576 D,
1107 4515 1115 4543 ’
1122 4515 1212 4582 paulo]
1234 4525 1293 4569 ante
1314 4517 1514 4584 insequebantur,
1525 4515 1569 4566 di!-

554 4617 1026 4684 ’mamm10nroestrmu.n.
1071 4594 1158 4660 furere
1180 4597 1262 4664 coegu
1284 4597 1327 4648 ee
1349 4605 1375 4650 e
1396 4613 1480 4666 usque
1513 4597 1564 4648 ne

553 4723 1026 4790 sorborum'rherinterlineeinn.
1072 4673 1256 4822 Epicydem]
1272 4757 1439 4824 musicum
1473 4757 1533 4810 BD·

556 4827 750 4898 'maduceboafl
769 4831 901 4885 docebant
934 4831 1001 4884 RD.
1103 4835 1216 4902 ἐκαὶ]
1230 4851 1289 4888 non.
1317 4851 1403 4902 pram.
1438 4839 1471 4890 D.
