3674 5800
486 868 530 934 64
785 883 967 934 nunocrmr
989 879 1236 936 mammarum.

318 1051 558 1118 membris
595 1051 717 1137 quieta,
748 1055 863 1117 contra
889 1051 1035 1118 hostium
1072 1049 1213 1138 injuriae
1244 1050 1465 1116 intolerabilia
1497 1053 1533 1116 et

482 1153 612 1230 infecta,
644 1153 731 1220 sicut
755 1149 791 1219 in
814 1153 901 1220 libro
927 1153 969 1220 de
997 1153 1188 1222 Graecorum
1220 1152 1390 1220 Laudibus
1415 1156 1532 1219 narrat

483 1255 597 1322 Varro.

893 1479 975 1549 Ora.
993 1481 1115 1548 LXIX.

826 1670 878 1737 Dc
899 1666 1180 1738 noemma}

315 1871 439 1924 omae-
529 1857 794 1924 Llcnnmnorun
820 1879 894 1946 quur
923 1857 989 1924 alio
1015 1858 1148 1923 nomine
1180 1857 1307 1924 dicitur.
1334 1855 1532 1943 Spettauia‚2

313 1939 444 1992 camonia
486 1960 522 2024 in
550 1960 675 2026 finibus
705 1961 843 2028 Graeciae
869 1961 974 2046 juxta
1004 1959 1177 2026 Thraciam
1208 1965 1260 2026 est
1292 1960 1464 2047 provincia
1496 1961 1532 2024 in

484 2061 627 2150 Europa,
657 2063 752 2150 cujus
781 2063 989 2128 habitatores
1020 2061 1179 2128 dicuntur
1215 2061 1475 2140 Lacedaemones,
1511 2083 1533 2127 a

483 2165 626 2251 quodam
653 2164 890 2232 Lacedaemone
922 2163 1001 2230 Sem
1039 2163 1119 2230 olim
1148 2164 1226 2231 filio.
1285 2163 1343 2244 Hi,
1369 2163 1406 2228 in
1442 2157 1530 2230 bello

483 2272 599 2332 contra
625 2267 796 2348 ldieeenee,
814 2267 972 2334 timentes
993 2285 1036 2332 ne
1058 2265 1283 2332 diuturnitate
1305 2265 1415 2354 proelii
1440 2281 1531 2352 spem

483 2369 585 2456 prolis
614 2369 817 2447 amitterent,
848 2372 1074 2456 praecepenmt
1093 2373 1133 2434 ut
1152 2387 1264 2434 eorum
1286 2367 1435 2456 virginee
1457 2389 1531 2434 cum

478 2473 659 2560 juvenibus
686 2471 776 2537 dorni
801 2471 926 2538 relictis
957 2469 1219 2550 concumberent,
1247 2475 1282 2536 et
1312 2469 1359 2536 eie
1390 2491 1431 2536 ex
1458 2491 1532 2558 pro·

483 2575 606 2640 miscuo
644 2573 813 2661 virginum
854 2571 1032 2639 concubitu
1066 2571 1209 2658 juvenes
1246 2572 1329 2656 nati,
1353 2593 1396 2639 ex
1428 2571 1532 2638 νοιο8

483 2677 635 2742 materni
652 2676 787 2764 pudoris
811 2673 969 2764 Spartani
991 2680 1160 2742 vocantur.
1212 2673 1287 2742 Hoc
1317 2673 1471 2740 Isidorou

903 2924 982 2993 Ora.
1001 2924 1103 2992 LXX.

863 3117 913 3183 Dc
936 3115 1163 3184 llaecdona'c.⁴

315 3317 448 3371 ormne-
527 3307 582 3372 Ar
597 3305 741 3372 Ematho
766 3327 842 3394 rege
858 3305 1016 3371 Emathia
1038 3305 1127 3371 dicta
1141 3308 1200 3382 eet,
1216 3303 1274 3370 sed
1290 3303 1427 3370 Macedo
1444 3301 1532 3368 Deu-

314 3387 397 3438 m
482 3408 618 3474 calionis
652 3430 755 3496 nepos
785 3413 960 3496 postquam
992 3407 1041 3474 ibi
1063 3405 1306 3486 dominabatur,
1334 3403 1531 3472 vocabulum

481 3509 629 3577 mutavit
650 3515 686 3577 et
714 3531 789 3576 eam
813 3507 1044 3576 Macedoniam
1065 3503 1262 3574 nominavit.
1307 3505 1364 3573 Ab
1395 3503 1532 3573 Oriente

483 3611 570 3678 Meri
593 3609 708 3700 AEgaeo
732 3616 783 3679 cat
805 3610 952 3693 confinia,
968 3633 989 3676 a
1004 3610 1145 3676 Meridie
1161 3607 1325 3691 Achaiae,⁵
1339 3608 1383 3675 ab
1405 3607 1530 3674 Occasu

482 3709 686 3796 Dalmatiae‚⁵
708 3737 730 3780 a
752 3713 985 3801 septentrione
1002 3709 1153 3780 Moeeice.⁶
1190 3708 1271 3778 Fuit
1302 3711 1391 3778 enim
1420 3711 1530 3798 patria

482 3815 666 3882 Alexandri
696 3816 819 3902 Magni.
877 3813 982 3902 Regio
1021 3813 1130 3880 aureis
1159 3814 1252 3880 venia
1293 3819 1329 3880 et
1364 3813 1531 3900 argenteis

482 3918 600 4004 opima
647 3911 726 3983 Ibi⁶
755 3919 807 3984 eet
842 3915 941 3982 Mona
971 3915 1134 4003 Olympus
1163 3915 1222 4002 qui
1252 3915 1428 3982 excellenti
1458 3937 1532 3981 ver-

481 4019 546 4085 tice
568 4022 702 4086 tantum
724 4017 906 4096 extollitur,
926 4021 967 4084 ut
988 4018 1025 4082 in
1051 4019 1122 4104 ejus
1142 4015 1311 4084 cacumine
1332 4037 1393 4084 nec
1416 4015 1531 4098 nubea,

481 4143 542 4188 nec
566 4123 670 4202 venti,
693 4144 754 4190 nec
779 4121 903 4211 pluviae
924 4121 1123 4188 sentiuntur.
1178 4119 1252 4187 Hoc
1277 4119 1432 4187 Isidorua

518 4400 735 4467 ¹Lceedoemoaia]
772 4399 986 4452 lacaedemonia-
1060 4398 1146 4466 ἀπο]
1166 4398 1487 4450 TbetcinterlinedinA.

483 4483 553 4536 Am.
587 4483 745 4534 Macedonia.
780 4481 811 4532 B.
1060 4477 1242 4543 *Hcecdcnffl
1261 4475 1373 4530 amaea.
1408 4478 1476 4528 B.D.

506 4557 986 4629 ’Spcucrric]Spettoniachpettcria.
1059 4556 1189 4618 'Achaim
1233 4555 1376 4618 Dalmatia,
1419 4556 1528 4624 Maria]

483 4641 535 4692 R?
559 4641 693 4705 compari
722 4638 788 4689 stom
810 4638 927 4704 Spania,
947 4639 987 4690 tc.
1026 4635 1134 4696 Achaio,
1146 4635 1283 4698 Dalmatio,
1295 4635 1397 4688 Mettio.
1431 4635 1534 4688 A.B.l).

483 4719 615 4785 spartaria
626 4719 692 4771 {rom
703 4717 828 4786 spartana
1058 4714 1134 4784 ⁸1⁶1]
1154 4715 1213 4768 Isto.
1248 4715 1314 4768 m).
