3656 5800
464 847 529 910 2⁶24
775 865 957 914 nunonrurr
980 864 1228 914 russonunuu.

467 1059 613 1124 regnum,
636 1037 715 1125 quie
744 1043 882 1126 uterque
911 1043 1017 1106 totum
1048 1039 1189 1105 insulem
1219 1039 1384 1126 possidere
1415 1044 1513 1104 aestu·

285 1147 406 1226 stempri-
462 1141 552 1206 ebat.
614 1139 824 1229 Memprioius
856 1147 996 1210 mortem
1033 1141 1144 1208 fratris
1188 1141 1380 1208 msehinsns
1416 1143 1513 1210 eollo·

281 1231 338 1332 {22}
347 1231 441 1336 fflfim
466 1244 581 1328 quium
603 1265 677 1310 oum
713 1245 829 1310 Malim
861 1245 963 1310 inivit
994 1245 1088 1332 qussi
1122 1245 1326 1310 eoncordiam
1357 1244 1512 1326 fortunis,

465 1345 521 1411 sed
548 1347 636 1412 trede
657 1347 856 1434 proditionis
879 1347 1105 1413 inflammatus
1126 1348 1234 1434 ipsum
1256 1347 1345 1414 inter
1366 1348 1514 1436 prolocu-

465 1453 552 1515 tores
574 1449 749 1516 interfecit
803 1450 934 1516 Deinde
961 1451 1080 1538 adepto
1103 1471 1205 1537 regno
1239 1455 1370 1516 tentem
1399 1456 1512 1538 tyron·

466 1551 577 1617 nidem
599 1553 747 1618 exercuit
768 1552 804 1616 in
826 1552 985 1640 populum
1017 1554 1106 1640 quod
1138 1551 1207 1618 fere
1240 1575 1352 1618 omnes
1386 1554 1513 1620 nobiles

465 1654 670 1740 perimebot3
704 1654 761 1720 sed
792 1659 827 1720 et
858 1659 965 1722 totum
1005 1655 1215 1743 progeniem¹
1249 1677 1342 1721 suern
1385 1678 1510 1735 exosus,

465 1777 702 1844 quemeumque
724 1756 761 1824 in
790 1777 893 1844 regno
922 1757 987 1822 sibi
1018 1759 1188 1824 succedere
1222 1757 1363 1824 timebat
1392 1759 1447 1824 vel
1477 1759 1513 1825 vi

464 1859 517 1925 vel
539 1859 725 1946 proditione
748 1858 963 1948 opprimebat.
1020 1859 1149 1926 Relicta
1181 1881 1284 1926 uxore
1306 1860 1440 1947 propris
1470 1883 1512 1926 ex

464 1981 530 2048 qus
565 1962 727 2048 inclytum
760 1961 919 2048 juvenem
950 1961 1137 2028 Ebrsnoum
1175 1961 1309 2028 nomine
1352 1968 1513 2048 genuerat

462 2085 531 2129 sese
553 2063 773 2130 sodomitariae
797 2065 960 2150 voluptati
983 2064 1085 2145 dedit,
1109 2063 1228 2130 usum⁹
1253 2064 1390 2130 Veneris
1413 2071 1511 2132 netu-

463 2167 566 2232 rolem
590 2167 649 2232 in⁸
671 2171 786 2233 eontra
814 2171 969 2234 naturam
999 2167 1179 2254 praeferens.
1226 2167 1390 2233 Vieesinro
1424 2169 1511 2234 enim

464 2270 557 2356 regni
580 2267 653 2335 sui*
675 2291 761 2334 enno
784 2269 864 2336 dum
894 2276 1031 2336 vereret
1053 2271 1185 2336 secessit
1207 2292 1228 2334 n
1248 2269 1343 2335 sociis
1377 2270 1445 2335 suis
1475 2271 1512 2335 in

463 2372 639 2458 quemdem
677 2372 867 2449 convallem,
906 2373 964 2437 ubi
1002 2395 1023 2437 o
1060 2371 1274 2438 multitudine
1308 2371 1512 2438 rabiosorum

462 2475 615 2560 luporum
648 2475 870 2540 circumdatus
903 2475 1084 2540 miserrime
1121 2475 1299 2540 devoratus
1333 2479 1390 2540 est.
1446 2475 1511 2540 Illo

463 2582 610 2662 tempore
637 2575 741 2644 Snul⁵
774 2577 935 2665 regnabat
968 2577 1004 2643 in
1037 2577 1061 2644 J
1064 2577 1165 2660 udaen,
1207 2582 1242 2643 ot
1276 2574 1444 2645 Erieteus⁶
1475 2579 1511 2642 in

465 2677 719 2746 Lueedaemoniu

908 3176 986 3245 Otr.
1012 3177 1072 3244 IX.

507 3393 697 3460 Densum
731 3393 843 3480 itaque
884 3392 1078 3481 Memprioio
1112 3393 1284 3460 Ebrunous
1316 3394 1406 3460 filius
1430 3395 1510 3482 ejus,

302 3491 326 3524 ¹¹¹
356 3493 372 3526 ⁰
461 3497 513 3563 vir
543 3519 672 3584 megnse
694 3501 832 3564 steturae
856 3501 891 3562 et
913 3496 1006 3562 mirae
1029 3495 1246 3577 fortitudinis,
1274 3519 1414 3585 regnum
1442 3521 1511 3563 sus-

460 3601 548 3688 eepit
581 3604 616 3665 et
650 3615 704 3664 xn
736 3619 841 3663 annos
872 3598 909 3662 in
942 3619 1071 3664 summe
1100 3621 1179 3686 paee
1213 3597 1375 3666 educavit
1444 3601 1511 3667 Hie

460 3703 586 3791 primus
623 3706 699 3788 post
736 3700 878 3768 Brutum
916 3699 1050 3766 classem
1089 3701 1126 3765 rii
1168 3707 1279 3788 partes
1325 3701 1508 3768 Galliarum

460 3806 566 3886 duxit,
590 3803 743 3870 civitates
774 3808 810 3868 et
843 3802 965 3890 oppida
985 3803 1021 3867 in
1047 3824 1169 3890 magna
1190 3803 1278 3870 esede
1304 3809 1339 3869 et
1362 3805 1509 3870 virorum

459 3906 666 3994 oppressione
693 3905 870 3986 destruxit,
893 3904 1091 3993 infinitoque
1113 3907 1186 3971 nuri
1204 3911 1238 3972 et
1257 3907 1387 3992 argenti
1414 3908 1509 3994 eopia

460 4010 585 4074 ditatus
610 4029 685 4075 oum
699 4007 838 4074 vintoris
859 4029 1009 4074 reversus
1031 4013 1089 4074 est
1135 4007 1263 4075 Deinde
1283 4014 1376 4074 trans
1400 4010 1510 4074 Hum-

459 4111 558 4180 brum
580 4111 752 4178 civitatem
783 4109 940 4193 condidit,
972 4111 1136 4200 quamde
1159 4132 1218 4176 suo
1247 4112 1381 4178 nomine
1404 4111 1508 4178 Keer-

492 4551 656 4618 ¹proyeniem]
675 4549 826 4616 progeniem.
860 4551 889 4602 C.
1040 4566 1112 4632 Ἧι]
1131 4583 1181 4620 om,
1213 4567 1241 4619 c,

490 4631 593 4696 Ξκεινὴ]
612 4646 667 4680 1¹⁸⁰·
703 4629 731 4690 02
1039 4646 1116 4696 'Rex
1136 4645 1196 4698 Saul
1223 4648 1250 4697 in
1269 4661 1347 4712 marg.
1380 4647 1414 4698 A.

490 4709 550 4775 ⁸in]
569 4709 604 4760 vi.
636 4709 666 4762 B.
1040 4723 1187 4792 'Eristeus]
1206 4725 1243 4776 ie.
1256 4727 1398 4796 AEgisthuS.
