3674 5800
472 795 516 869 72
772 810 954 864 uunooruu
984 813 1231 866 ursronmnuu.

307 996 437 1076 officie·
475 989 511 1052 et
555 983 649 1052 silvis
692 985 891 1052 densissimis
935 985 1081 1072 undiquc
1125 989 1176 1052 est
1220 985 1444 1075 circumsepta
1497 987 1528 1052 A

306 1079 364 1115 Μ·
478 1087 655 1155 Germania
679 1091 715 1154 et
737 1087 909 1154 Pannonia
935 1093 970 1154 et
995 1087 1188 1154 nationibus
1208 1087 1281 1152 eliis
1303 1110 1362 1176 per
1390 1093 1528 1166 montes,

475 1191 575 1256 silvas
605 1193 639 1256 et
676 1189 815 1256 flumina
853 1195 904 1256 eet
934 1189 1050 1256 divisa
1111 1189 1173 1256 Est
1202 1194 1314 1256 autem
1351 1191 1443 1280 regio
1472 1191 1530 1256 illa

474 1292 592 1360 fertilis
622 1295 657 1358 et
686 1291 792 1378 glebis
818 1291 992 1370 uberrima,
1016 1291 1120 1370 vadis,
1154 1293 1268 1379 pratis,
1298 1295 1431 1382 campis,
1462 1295 1530 1380 pla·

475 1395 578 1473 uitiis,
603 1395 802 1474 nemoribus,
826 1395 941 1472 vineis,
964 1416 1052 1474 auro,
1078 1400 1226 1482 argento,
1247 1399 1375 1482 stagno,
1403 1403 1438 1462 et
1461 1417 1530 1462 om-

475 1500 575 1564 nibus
598 1497 672 1564 aliis
695 1497 790 1564 bonis
817 1497 988 1576 ditissima,
1011 1497 1160 1564 fontibus
1189 1501 1225 1563 et
1254 1497 1365 1564 fluviis
1387 1497 1532 1586 irrig11a;

477 1601 579 1668 Albia
607 1599 730 1666 fluvius
752 1621 826 1666 eam
850 1600 988 1686 irrigat3
1011 1599 1047 1664 in
1070 1598 1140 1685 ejus
1162 1599 1332 1666 montibus
1357 1601 1533 1666 abundant

477 1705 566 1792 pinae
588 1709 622 1770 et
646 1703 779 1781 abietes,
803 1701 915 1768 herbae
937 1702 1201 1780 innumerabiles,
1229 1723 1298 1768 non
1328 1703 1434 1769 solum
1457 1725 1534 1789 pas·

479 1807 596 1888 curiles,
627 1826 742 1872 verum
772 1804 875 1870 etiam
905 1803 1093 1870 aromaticae
1122 1809 1158 1870 et
1187 1804 1417 1885 medicinales3
1455 1805 1534 1872 ferse

480 1909 528 1974 ibi
557 1907 739 1986 abundent,
763 1905 895 1983 scilicet,
926 1907 1004 1987 ursi,
1031 1905 1134 1994 perdi,
1166 1906 1263 1988 cervi,
1296 1907 1440 1996 apriolae,
1471 1907 1536 1972 bu-

481 2009 559 2090 bali,
586 2013 621 2076 et
649 2009 738 2075 inter
764 2009 824 2074 has
844 2008 930 2074 feras
952 2013 1003 2074 est
1029 2009 1183 2094 quadam
1211 2009 1336 2076 habens
1366 2010 1536 2099 magnitu-

482 2113 595 2180 dinem
628 2109 745 2190 bovis‚¹
778 2132 853 2197 quse
888 2110 1005 2176 feram²
1035 2115 1086 2178 est
1115 2115 1151 2177 et
1172 2132 1260 2178 saeva
1272 2137 1280 2192 ;
1311 2112 1413 2178 habet
1447 2113 1535 2179 enim

482 2235 605 2302 magna
627 2235 751 2279 cornua
773 2235 847 2278 cum
868 2214 988 2300 quibus
1013 2235 1047 2279 se
1075 2235 1142 2280 non
1172 2214 1329 2294 defendit,
1349 2215 1407 2282 sed
1437 2213 1538 2281 hebet

484 2318 677 2384 submonte
703 2316 851 2402 amplum
875 2315 1055 2381 folliculum
1082 2317 1118 2382 iu
1145 2337 1210 2404 quo
1231 2337 1352 2403 aquam
1374 2317 1539 2404 recolligit

485 2425 520 2486 et
551 2419 711 2485 currendo
733 2418 825 2484 illam
855 2439 978 2504 aquam
1009 2419 1090 2483 mire
1125 2417 1280 2498 calefacit,
1309 2441 1410 2506 quam
1440 2442 1539 2508 super

485 2525 660 2589 venatores
680 2519 734 2586 vel
757 2541 853 2586 canes
873 2517 937 2584 sibi
960 2521 1262 2607 appropinquantes
1284 2515 1430 2608 p'rojicit3
1452 2523 1539 2608 qua³

486 2625 599 2712 ejecte,
630 2622 704 2688 illos
742 2620 872 2687 fortiter
902 2623 1034 2702 exurit3
1064 2623 1100 2688 in
1129 2623 1245 2710 lingua
1273 2629 1389 2690 nostre
1418 2647 1540 2692 nomen

487 2727 667 2814 ignoratur.
713 2723 797 2790 Haec
823 2728 912 2789 terra
936 2725 1076 2790 secernit
1102 2747 1137 2790 se
1161 2725 1198 2790 in
1220 2726 1357 2793 Oriente
1383 2727 1427 2793 ad
1454 2727 1540 2794 Pan·

487 2829 632 2909 uoniam,
656 2847 698 2894 ex
727 2831 822 2914 parte
853 2826 935 2894 Euri
955 2826 1169 2914 Aquilonaris
1199 2827 1345 2908 Polonie,
1376 2852 1418 2896 ex
1448 2835 1541 2918 parte

491 2931 642 2998 Meridiei
686 2929 833 3010 Austris,
877 2950 921 2995 ex
970 2935 1065 3018 parte
1111 2931 1299 2998 Occidentis
1356 2931 1540 3011 Barnatica,

491 3033 694 3112 Germanica,
741 3038 776 3100 et
821 3031 1016 3098 Missenensi
1061 3033 1206 3100 marchia
1250 3033 1472 3102 circumdetur
1509 3041 1544 3102 et

490 3135 642 3202 ambitur.

883 3437 962 3502 One.
985 3435 1160 3502 LXXXII.

916 3639 1137 3727 Thoriapio!

543 3847 750 3912 Taurunum
782 3847 968 3915 Germaniae
997 3853 1048 3914 eet
1083 3847 1261 3936 provincia,
1299 3847 1432 3916 media⁵
1462 3854 1550 3919 inter

498 3947 656 4038 gentem⁰
678 3950 848 4015 Saxonum
870 3951 905 4015 et
929 3951 1129 4016 Francorum
1160 3957 1195 4017 et
1218 3951 1473 4034 Westfalorum3
1506 3955 1549 4020 ab

500 4053 635 4120 Oriente
666 4051 805 4118 Boemos
840 4052 968 4118 habent
1005 4053 1161 4134 Saxones,
1194 4053 1380 4120 Franoones
1417 4062 1452 4122 et
1482 4057 1550 4122 Ne-

499 4177 615 4222 varros
637 4177 658 4219 a
680 4153 825 4234 Meridie,
857 4155 982 4221 Suevos
1009 4156 1051 4220 ab
1084 4154 1268 4233 Occidente,
1299 4155 1478 4224 Westfalos
1508 4159 1551 4224 ab
1650 4181 1657 4194 ·

501 4257 673 4345 Aquilone.
720 4255 845 4324 Oontra
867 4256 977 4324 hostes
1000 4279 1081 4346 gens
1106 4259 1190 4325 dura
1211 4263 1246 4324 et
1268 4279 1390 4340 severa,
1412 4259 1552 4347 populus

499 4459 585 4470 ..u-..-

533 4581 757 4648 ¹Nota.inmnrg.
791 4582 824 4634 Α.
1087 4583 1261 4650 *Πανὶπφία]
1281 4583 1328 4634 De.
1346 4598 1431 4649 pram.
1464 4583 1528 4636 RD

533 4662 637 4730 ²seras]
651 4662 731 4714 ferox.
764 4661 829 4712 B.D.
1085 4663 1196 4730 laeda]
1215 4663 1310 4714 medea
1343 4663 1378 4714 A.

532 4741 616 4810 1ᾳιια]
635 4757 699 4808 quse.
733 4741 798 4794 m).
1087 4741 1209 4810 ‘pactensi
1228 4751 1322 4808 gentes
1356 4741 1420 4794 ΒΜ.
