3656 5800
594 911 776 961 annosum
798 909 1044 961 fflsuoemuum
1279 897 1344 962 213

296 1109 374 1152 vero
412 1085 623 1172 diffugerunt,
657 1084 719 1152 vix
755 1107 775 1151 e
811 1085 963 1152 manibus
997 1083 1068 1170 ejus
1100 1081 1212 1172 elapsi,
1244 1088 1346 1171 atque
1361 1097 1481 1151 Thebis·

296 1187 440 1255 Goffario
462 1210 574 1254 neaem
597 1187 676 1254 socii
698 1188 950 1254 nuntiaverunt.
1360 1168 1459 1286 ⁸3?ssth

340 1289 564 1356 Gontiistatus
587 1290 702 1356 Goffer
731 1291 801 1357 dux
824 1289 1071 1358 Pictauensium
1095 1287 1229 1378 collegit
1251 1310 1347 1355 exer-

295 1392 407 1470 eitum,
441 1397 482 1458 ut
517 1393 554 1459 in
586 1393 674 1481 ipsos
711 1399 854 1460 mortem
890 1393 1003 1458 nuntii
1047 1392 1239 1459 vindicaret.
1299 1391 1349 1456 Aa

295 1495 427 1573 Bistua,
455 1496 587 1583 cognita
609 1496 713 1582 ipsius
742 1496 899 1574 adventu,
925 1517 1027 1561 naves
1049 1496 1168 1574 munit,
1195 1494 1349 1560 mulieres

294 1602 330 1662 et
351 1599 505 1683 parvulos
527 1598 615 1663 intre
637 1597 744 1685 ipsas¹
768 1596 868 1684 jubet
897 1619 1038 1664 manere.
1093 1598 1169 1684 Ipse
1193 1619 1266 1663 eum
1289 1618 1350 1662 sua

295 1699 519 1779 multitudine,
543 1701 596 1766 eui
627 1699 724 1786 vigor
745 1699 908 1782 florebat,
932 1699 1051 1767 obvius
1084 1700 1244 1766 exercitui
1271 1721 1349 1788 pro-

300 1802 457 1890 greditur.

758 2089 837 2158 Cen.
860 2087 900 2157 V.

348 2274 555 2347 Onesimus
593 2281 728 2348 tandem
780 2280 866 2348 inito
904 2281 977 2348 dira
1021 2303 1133 2370 pugna
1177 2282 1353 2368 utrobique

302 2384 529 2452 committitur.
575 2385 621 2450 Et
650 2407 725 2451 cum
747 2385 891 2450 multum
922 2382 989 2450 diei
1018 2385 1055 2450 in
1079 2385 1207 2472 agendo
1233 2385 1355 2452 eaedem

302 2486 587 2574 consumpsissent,
626 2486 747 2574 puduit
788 2487 979 2554 Corinaeum
1016 2487 1131 2574 quod⁹
1170 2485 1358 2574 Aquitanni

305 2591 374 2653 tam
412 2587 567 2656 audacter
604 2587 846 2671 resistissent3⁸
883 2589 972 2656 unde
1016 2595 1185 2677 resumpta
1221 2589 1361 2656 audacia

304 2689 407 2757 socios
436 2698 569 2758 revocat
591 2692 628 2758 in
650 2715 751 2758 aornu
773 2691 893 2760 dextro
915 2691 1034 2780 praelii,
1057 2698 1091 2759 st
1116 2693 1205 2758 facto
1227 2691 1358 2779 agmine

305 2793 441 2858 eelerem
471 2794 508 2860 in
539 2795 649 2862 hostes
683 2795 844 2882 impetum
875 2794 964 2876 fecit,
994 2799 1030 2861 et
1052 2795 1195 2882 seipsum
1224 2795 1261 2860 in
1290 2794 1359 2860 scie

306 2916 419 2960 eorum
446 2895 639 2963 densissima
661 2897 866 2979 intromisit3
896 2897 1006 2984 plures
1031 2897 1220 2986 prostravit,
1248 2918 1361 2962 omnes

306 2995 338 3062 ei
375 2995 502 3064 aedunt.
570 2997 680 3066 Oasu‘
714 2999 853 3066 fomuito
891 2998 1013 3066 emisse
1050 3004 1148 3087 spate
1183 2999 1360 3087 bipennem

307 3099 453 3168 lucratus
484 3103 545 3182 est,
584 3123 659 3168 eum
698 3123 765 3190 qna
796 3123 1035 3190 quemcumque
1077 3101 1300 3180 benedioebat,
1340 3124 1361 3167 a

308 3224 435 3270 summo
458 3202 581 3271 vertice
607 3227 710 3292 usque
740 3203 784 3272 ed
815 3204 975 3293 genitalia
1006 3201 1225 3292 disjungebat
1272 3203 1359 3270 Hos-

306 3311 357 3372 tes
379 3327 457 3373 vero
486 3306 665 3395 bipennem
688 3307 856 3396 fugientes
883 3305 1053 3375 Oom'naeus
1079 3329 1199 3395 magno
1222 3303 1361 3393 rugitu⁶

308 3414 383 3496 post
405 3431 460 3476 eos
483 3408 647 3477 elamet:⁰
680 3411 753 3492 Quo
783 3407 907 3499 fugitis,
936 3409 1049 3476 timidi
1061 3435 1072 3492 3
1102 3431 1175 3498 quo,
1200 3403 1362 3498 segnest⁷

311 3508 530 3578 Revertimini
554 3517 588 3580 et
610 3535 817 3602 congressum
849 3536 924 3580 aum
946 3513 1089 3600 bipenne
1120 3512 1229 3579 fasite.
1273 3511 1362 3578 Proh

308 3613 437 3702 pudor!
467 3619 521 3682 tot
551 3613 643 3682 milia
674 3639 727 3683 me
756 3615 862 3682 solum
897 3615 1086 3703 diffugitis?
1129 3613 1291 3682 Attamen
1320 3637 1363 3682 ne

310 3717 462 3804 pudeetis
484 3741 537 3785 me
561 3718 683 3806 fugere,
708 3719 788 3806 quie
809 3718 1019 3806 quamplures
1049 3715 1201 3806 gigantes
1223 3715 1364 3806 pedibus

311 3837 363 3885 me
385 3819 518 3888 altiores
548 3821 590 3887 ad
620 3821 759 3887 Tartara
780 3821 958 3888 transmisi.

356 3921 412 3988 Ad
443 3923 514 3991 haec
551 3924 654 3991 verbu
692 3923 874 3990 revertitur
911 3923 1046 4011 quidem
1077 3923 1198 4008 consul,
1229 3923 1362 3993 nomine

312 4023 492 4108 Siwardus
517 4047 592 4093 eum
615 4026 767 4094 Ooainaeo
791 4027 1023 4115 congrediens3
1047 4026 1126 4094 illa⁸
1146 4047 1226 4095 vero
1250 4029 1362 4095 levans

311 4125 490 4214 bipennem
524 4129 633 4218 ipsum
671 4151 770 4218 super
805 4129 934 4218 galeam
971 4131 1158 4218 percutiens
1193 4154 1296 4219 usque
1327 4132 1363 4198 in

347 4433 452 4504 ²2'peas]
465 4451 515 4489 eae.
550 4437 616 4490 B.D.
899 4439 1108 4508 'nepueu-wita]
1127 4455 1175 4492 om.
1210 4435 1277 4494 ΒΧ).

345 4517 442 4584 ²9⁰⁰d]
461 4517 652 4584 Wrimnulm
665 4533 698 4571 ⁸¹¹
715 4531 815 4571 emm
899 4543 1022 4613 'elamatJ
1040 4545 1068 4597 A
1096 4547 1145 4600 few
1167 4549 1255 4601 erued
1281 4548 1367 4602 lettere

313 4595 342 4648 in
352 4595 388 4648 Α·
411 4675 416 4688 ,
443 4677 448 4689 ,
589 4676 595 4690 ‚
865 4625 951 4678 follow
961 4627 988 4677 in
999 4627 1035 4678 A.

347 4677 524 4744 'rawmsmq
537 4677 692 4731 restitissent.
710 4679 743 4732 B.
761 4693 816 4730 eor-

313 4755 637 4808 meaeommesme.
898 4729 1014 4799 ἥψω]
1034 4731 1126 4799 sisne·
1161 4727 1194 4786 0:

347 4834 442 4886 ⁴Nota
460 4835 488 4886 in
499 4851 580 4904 marg.
598 4837 632 4888 A.
899 4835 972 4905 usae]
990 4837 1051 4904 5990,
1084 4839 1150 4892 RD·
