3656 5800
633 877 815 942 nutoornu
837 892 1087 944 maronianum
1321 877 1387 948 217

336 1091 392 1148 quo
416 1073 512 1132 doloso
529 1073 602 1131 facto
620 1075 742 1141 consilio,
762 1093 857 1133 omnes
875 1075 911 1132 ad
929 1077 1038 1150 propria
1054 1075 1192 1132 redierunt
1201 1096 1210 1141 ς
1234 1079 1262 1132 ιι
1279 1075 1388 1132 illarum

330 1157 431 1230 junior,
454 1176 517 1215 cum
540 1159 671 1214 maritum
695 1177 779 1215 suum
801 1159 922 1226 vidisset,
944 1161 1038 1216 statim
1062 1159 1097 1216 ab
1121 1159 1180 1232 ejus
1203 1159 1290 1216 oculis
1314 1159 1389 1216 lach·

332 1259 417 1314 rymae
434 1243 621 1314 erumpebant.
659 1242 746 1315 Cujus
767 1243 890 1316 ploratus
908 1243 1023 1299 maritis
1041 1243 1182 1317 inquirens
1201 1261 1311 1299 ιιιιιιιιι
1328 1243 1389 1314 ipsa

334 1326 441 1381 veniam
465 1325 673 1398 genuflectendo
703 1325 844 1382 humiliter
873 1327 1028 1399 postulans,
1060 1327 1113 1383 sibi
1143 1326 1301 1399 husjusmodi
1325 1345 1388 1399 pro·

335 1407 466 1464 ditionem
484 1408 637 1464 ordinatam
654 1409 772 1465 narravit
796 1409 983 1482 perordinem
1001 1416 1029 1466 et
1047 1410 1163 1483 qualiter
1182 1411 1279 1466 timore
1292 1410 1388 1464 mortis

335 1491 480 1548 sibiillatae
503 1492 630 1548 occisioni
654 1509 711 1548 suae
724 1498 897 1548 consenserat
914 1492 1057 1550 verbaliter
1077 1498 1105 1549 et
1123 1511 1180 1549 non
1198 1492 1287 1549 corde.
1324 1492 1389 1552 Quo

334 1594 382 1648 per
404 1576 534 1632 maritum
557 1575 652 1632 audito
674 1577 733 1649 ipse
756 1595 870 1633 uxorem
894 1595 974 1632 suam
997 1577 1027 1632 in
1051 1577 1223 1649 amplexibus
1247 1577 1388 1632 osculatus

335 1664 384 1725 est,
410 1659 501 1716 dicens
533 1659 609 1732 quod
639 1678 721 1732 super
749 1659 802 1716 hoc
826 1661 904 1716 Deus
929 1665 1077 1734 apponeret
1100 1660 1259 1716 remedium.
1305 1660 1389 1716 Mane

334 1747 427 1799 autem
453 1744 526 1799 fecto
550 1744 603 1816 ipsi
626 1743 710 1799 simul
730 1742 766 1798 ad
791 1761 882 1816 regem
907 1743 1019 1800 Graeciae
1052 1744 1208 1800 amedentes
1237 1744 1389 1800 retulerunt

335 1826 386 1881 sibi
418 1828 510 1884 omnia
540 1845 589 1900 per
620 1827 693 1900 ipsas
722 1827 794 1884 filias
825 1845 889 1883 suaa
920 1833 977 1884 tam
1009 1827 1226 1900 proditionaliter
1255 1827 1387 1894 ordinata,

333 1909 410 1983 quod
444 1929 491 1966 rex
524 1909 636 1966 Graecia
666 1912 780 1966 moleste
809 1929 906 1983 gerens
939 1911 1033 1967 statim
1067 1911 1165 1968 direxit
1195 1929 1258 1968 suas
1288 1911 1387 1978 literas,

334 1995 438 2049 annulo
460 1993 531 2066 regis
551 1993 680 2066 signatas,
705 1993 781 2067 quod
805 1993 870 2050 dicti
902 2013 978 2067 reges
1010 2013 1074 2051 cnm
1108 1995 1166 2051 suis
1198 1995 1330 2052 uxoribus
1354 1995 1390 2051 ad

333 2095 417 2132 suum
444 2083 620 2150 conspectum
648 2078 780 2134 venirent.
835 2078 945 2139 Quibus
976 2079 1106 2136 omnibus
1138 2079 1284 2146 accersitis,
1309 2079 1389 2135 dictis

333 2159 442 2217 filiabus
460 2179 508 2234 per
525 2167 630 2233 patrem
649 2180 731 2218 suum
759 2179 841 2236 super
865 2162 909 2218 his
936 2180 1059 2218 seorsum
1084 2162 1244 2218 examinatis
1270 2167 1298 2219 et
1324 2163 1389 2218 sub·

332 2245 415 2300 tiliter
449 2245 537 2312 victis,
571 2246 641 2302 filias
672 2263 736 2302 suas
771 2247 830 2318 capi
861 2250 888 2302 ct
918 2246 1077 2302 incarcerari
1111 2245 1261 2313 mandavit,
1302 2245 1388 2302 donec

334 2329 473 2385 seniorum
495 2330 609 2386 consilio
633 2333 661 2386 et
685 2330 841 2403 sapientum
865 2329 932 2403 quid
956 2335 1050 2386 contm
1073 2349 1119 2387 eos
1143 2330 1202 2388 fleri
1226 2330 1333 2386 deberet
1353 2330 1389 2388 ed
1455 2371 1463 2390 .

334 2414 448 2485 plenum
479 2412 671 2470 deliberaretur
700 2415 729 2469 in
759 2414 811 2470 hac
843 2419 928 2486 parte.
974 2413 1012 2470 Et
1041 2415 1104 2470 licet
1133 2415 1200 2488 ipsae
1229 2413 1388 2470 vilissimam

333 2501 450 2552 mortem
468 2502 610 2569 propterea
632 2503 794 2564 meruerant,
808 2497 874 2570 quia
896 2503 988 2553 tamen
1013 2497 1047 2553 de
1069 2497 1140 2553 tanti
1164 2499 1235 2570 regis
1255 2499 1389 2570 sanguine

332 2581 449 2647 fumant,
473 2579 546 2636 idem
568 2599 616 2636 rex
634 2580 799 2653 adjudicasit
817 2599 862 2637 eas
879 2581 952 2636 mitti
978 2579 1074 2638 debere
1097 2581 1126 2636 in
1144 2581 1264 2649 exilium,
1280 2581 1388 2652 juniore

333 2669 459 2736 excepta3
483 2663 612 2720 ordinans
635 2663 711 2738 quod
735 2665 815 2720 dictae
839 2664 904 2720 filiae
927 2683 985 2721 suoe
1008 2665 1111 2737 absque
1134 2665 1223 2731 remis,
1248 2664 1388 2731 vehiculis,

333 2747 571 2819 gubernatoribus,
590 2753 618 2804 et
649 2747 763 2814 cibariis,
795 2752 823 2803 et
858 2747 969 2820 potibus
999 2753 1166 2820 ponerentur
1197 2747 1227 2802 in
1262 2747 1387 2815 navibus,

335 2831 411 2904 quod
434 2837 462 2888 ιι
493 2831 597 2887 factum
628 2837 684 2888 est:
716 2830 791 2887 unde
821 2830 900 2887 diotre
931 2831 1057 2886 mulieres
1083 2831 1186 2904 absque
1209 2831 1334 2887 anchoris
1358 2831 1388 2887 in

334 2933 403 2970 nave
426 2915 464 2970 sic
488 2915 592 2988 poaitae,
616 2919 644 2970 et
666 2915 696 2969 in
719 2915 808 2970 altum
834 2933 908 2970 mare
928 2933 976 2987 per
999 2914 1088 2970 undas
1109 2920 1136 2970 et
1160 2914 1261 2970 fluctus
1281 2914 1336 2971 huc
1361 2919 1389 2970 et

333 2998 399 3055 illuc
422 2998 609 3054 miserabiliter
632 2997 756 3054 deductae
779 2999 809 3054 in
827 3016 930 3071 magno
951 2999 1070 3070 periculo
1091 2998 1272 3070 ponebantur,
1291 3003 1318 3054 et
1335 2998 1389 3054 fere

334 3081 408 3138 same
429 3089 456 3138 et
480 3082 619 3138 doloribus
636 3082 783 3156 perierunt,
806 3081 932 3138 cadentes
956 3081 1056 3154 soepius
1076 3082 1106 3137 in
1130 3082 1252 3148 extasim,
1273 3087 1389 3154 tempes-

244 3163 249 3177 '
333 3166 437 3222 tatibus
454 3166 578 3238 undique
596 3171 783 3238 conquassatae
794 3165 883 3221 tribus
902 3163 998 3220 diebus
1018 3169 1045 3221 et
1062 3163 1207 3233 noctibue3
1230 3166 1387 3220 nullatenus

334 3267 363 3310 ae
380 3255 520 3309 moventes
543 3249 730 3323 postmodum,
755 3249 832 3312 navis
856 3267 950 3310 earum
973 3247 1009 3304 ad
1032 3253 1132 3307 turam
1153 3247 1271 3304 deducta
1290 3253 1340 3316 est,
1361 3253 1389 3304 et

333 3334 401 3389 mari
424 3351 452 3390 se
471 3333 624 3390 retrahente
636 3333 738 3388 Albina
761 3350 823 3406 quse
843 3331 933 3388 senior
950 3331 1040 3387 fuerat
1067 3335 1166 3386 terram
1185 3331 1265 3404 cepit,
1285 3333 1388 3388 caeteris

334 3419 472 3474 sororibus
495 3418 553 3474 suis
573 3433 629 3490 prae
654 3417 746 3473 dolore
765 3417 795 3472 in
814 3422 915 3472 terram
937 3417 1031 3488 pronis
1047 3414 1218 3487 jacentibus;
1241 3416 1388 3488 resumptis

333 3502 438 3559 viribus
461 3502 559 3558 herbas
582 3500 681 3558 crudas
705 3507 788 3574 atquc
805 3500 913 3556 fructus
945 3498 1073 3556 arborum
1097 3498 1289 3565 comederunt3
1314 3517 1389 3572 repe·

333 3586 433 3642 cientes
456 3591 556 3644 terram
589 3585 736 3641 Cornubice
767 3584 871 3658 absque
898 3583 1059 3648 habitatore,
1089 3599 1172 3654 quam
1201 3582 1303 3638 Albine
1337 3601 1389 3640 suo

334 3671 444 3726 nomine
467 3669 575 3726 vocavit
598 3667 708 3724 Albion.
756 3667 839 3724 Terra
862 3671 956 3722 autem
979 3664 1140 3737 hujusmodi
1162 3664 1226 3720 feris
1247 3673 1275 3720 et
1294 3665 1395 3744 bestiis,

333 3759 390 3809 erat
413 3755 501 3826 plena,
525 3751 559 3808 de
583 3751 684 3824 quibus
707 3751 773 3823 ipsae
796 3751 922 3806 mulieres
941 3747 1078 3805 comedere
1096 3748 1267 3820 appetebant,
1286 3748 1334 3805 sed
1351 3749 1385 3805 ad

334 3835 479 3910 capiendas
503 3855 555 3902 eas,
580 3853 655 3890 arma
671 3835 765 3906 eliqua
787 3851 844 3889 non
867 3833 1007 3899 habentes,
1033 3831 1169 3887 subtiliter
1191 3831 1389 3890 ordinaverunt

335 3921 410 3994 quod
443 3921 477 3976 de
510 3919 625 3992 virgulis
656 3924 684 3974 et
706 3917 884 3990 rigiminibus
904 3915 1055 3972 virentibus
1078 3914 1174 3972 fierent
1198 3915 1251 3970 sibi
1276 3921 1387 3988 trappas

334 4025 383 4082 pro
403 4005 481 4062 dictis
504 4004 598 4062 bestiis
622 4001 768 4075 capiendis,
792 4005 819 4056 et
843 4019 888 4056 eas
907 4016 970 4058 cum
989 3999 1072 4072 petris
1090 4016 1107 4056 a
1125 4039 1132 4054 .
1153 4039 1160 4056 .
1180 4039 1187 4056 .
1206 4000 1242 4056 tis
1261 3999 1295 4056 de
1313 4001 1387 4058 silice

334 4090 509 4154 excoriantes,
535 4093 562 4144 ιι
584 4088 614 4142 in
632 4086 716 4144 coreis
740 4103 833 4142 earum
854 4101 946 4142 carnea
965 4089 1120 4156 coquentes,
1139 4083 1178 4139 ιιι
1195 4083 1335 4156 ingeniose
1353 4085 1387 4142 de

333 4173 407 4230 silice
439 4175 532 4246 ignem
561 4175 703 4228 ιιιιιιιιιιι
735 4175 762 4225 et
789 4186 883 4225 carnes
916 4171 1007 4224 coctas
1029 4165 1221 4234 comederunt3
1246 4168 1336 4224 taliter
1359 4173 1387 4226 et

333 4255 449 4328 pingues
473 4253 648 4317 devenerunt,
672 4255 699 4306 et
723 4266 787 4306 cum
806 4253 928 4320 tempore
948 4247 1035 4302 calore
1058 4252 1164 4302 natura
1178 4247 1387 4304 abundaverunt

334 4339 427 4394 statim
459 4337 493 4393 de
524 4335 635 4392 luxuria
660 4333 845 4400 tentabantur,
878 4329 954 4405 quod
981 4330 1076 4386 incubi
1097 4330 1298 4388 considerantes
1323 4352 1384 4390 oum

333 4417 539 4475 oblectamentis
563 4415 652 4472 coitus
674 4411 915 4479 habuerant,tales
939 4410 1033 4466 incubi
1056 4411 1198 4468 carnaliter
1216 4413 1387 4470 coinstebant

334 4519 399 4558 cum
430 4501 477 4568 eis,
508 4499 645 4556 neminem
677 4496 799 4554 videntes
830 4495 879 4552 sed
907 4499 1044 4566 spermata
1064 4495 1211 4564 sentientes
1217 4517 1226 4562 ;
1249 4496 1288 4552 sio
1312 4497 1388 4570 quod

333 4585 399 4643 dicti
422 4585 516 4642 incubi
539 4604 572 4642 ex
595 4583 634 4639 eis
652 4581 776 4655 gigantes
799 4579 941 4636 horribiles
964 4585 1127 4650 genuerunt,
1152 4585 1180 4636 et
1196 4585 1296 4636 terram
1313 4581 1388 4636 illam

332 4670 493 4743 hujusmodi
516 4667 675 4743 gigantibus
694 4667 884 4739 repleverunt;
915 4663 964 4737 qui
986 4667 1075 4718 totam
1098 4669 1199 4722 terram
1222 4671 1387 4737 occupantes

333 4755 360 4808 et
384 4769 449 4808 cum
472 4749 507 4806 ad
534 4753 643 4806 autem
663 4749 793 4804 veneant
812 4763 846 4801 ex
867 4743 1000 4800 matribus
1023 4743 1141 4816 propriis
1164 4743 1237 4802 filios
1262 4749 1289 4802 et
1316 4745 1387 4802 filias
