3656 5800
622 914 805 969 aurosum
827 915 1080 972 marcomirum.
1305 907 1372 976 255

322 1098 501 1184 caperetur,
526 1092 685 1162 Oaeseris¹
709 1115 868 1162 carcerem
890 1094 1066 1162 subitums.
1112 1093 1287 1162 Mandavit
1308 1096 1374 1160 An·
1388 1115 1501 1168 tonde

323 1201 444 1287 drogeo
465 1203 505 1265 ut
527 1219 595 1265 sese
617 1220 691 1264 cum
714 1197 737 1265 J
739 1197 807 1265 ulio
828 1199 1015 1286 pacificaret
1036 1220 1079 1264 ne
1101 1197 1247 1286 dignitas
1269 1199 1377 1286 gentis
1389 1183 1538 1302 fflf'sth

323 1325 367 1369 ex
404 1325 469 1388 qua
505 1307 603 1368 natus
641 1308 691 1368 cst
724 1307 820 1388 capto
853 1325 929 1390 rege
963 1301 1148 1369 deleretur.⁹
1202 1301 1378 1368 Mandavit

324 1404 447 1472 etiam⁸
470 1405 557 1472 eise
579 1401 668 1471 non⁴
690 1405 905 1492 promeruisse
934 1411 975 1472 ut
996 1412 1136 1472 mortem
1158 1405 1263 1494 ipsius
1285 1409 1378 1494 opta·

322 1513 375 1576 ret
396 1508 547 1594 quamvis
569 1505 833 1594 inquietudinem
855 1508 919 1574 sibi
941 1508 1116 1575 intulisset.

369 1610 517 1698 Cumque
539 1611 611 1678 hoec
632 1609 835 1698 Androgeo⁵
857 1611 1094 1698 pervenissent,
1118 1611 1188 1678 ait:
1224 1610 1304 1678 Non
1326 1617 1377 1679 est

323 1714 507 1802 diligendus
529 1715 680 1802 princeps
702 1715 759 1800 qui
788 1713 826 1778 in
847 1713 934 1780 bello
956 1721 1007 1781 est
1028 1714 1120 1780 mitis
1141 1719 1181 1782 ut
1203 1736 1316 1801 agnus,
1340 1715 1377 1780 in

323 1817 399 1882 aule
420 1837 552 1882 severus
575 1822 614 1882 ut
636 1817 696 1883 lec.
742 1815 909 1884 Omira1⁶
932 1817 1031 1883 Nunc
1053 1821 1127 1884 orat
1148 1840 1201 1884 me
1224 1817 1377 1884 dominus

323 1940 423 1998 meus,
447 1919 505 2004 qui
533 1918 617 1984 mihi
646 1917 738 2006 prius
769 1918 961 2006 imperabat,
993 1919 1158 2006 pacificari
1189 1919 1319 2000 Caesari,
1343 1925 1378 1987 ct
1511 1973 1515 1982 .

323 2020 532 2108 subjectum⁷
564 2043 633 2088 esse
663 2021 828 2088 desiderat
865 2021 957 2107 cujus
994 2044 1106 2109 paoem
1143 2023 1235 2111 prius
1267 2024 1379 2090 Oaesar

324 2124 575 2191 desideraverat
621 2123 765 2190 Proinde
799 2124 956 2192 debuerat
986 2124 1080 2190 illum
1103 2147 1280 2212 perquem
1303 2132 1378 2194 tan·

323 2233 396 2294 tum
426 2227 657 2314 imperatorem
687 2249 731 2292 ex
767 2248 870 2314 regno
907 2249 967 2294 sno
996 2227 1125 2314 pepulit
1154 2227 1313 2296 honorare
1343 2235 1378 2296 et
1509 2241 1512 2246 '

324 2353 393 2396 non
424 2329 643 2396 exheredare.
690 2327 891 2416 Insipientia
929 2328 1104 2398 obducitur
1133 2332 1191 2418 qui
1220 2332 1378 2398 commili-

324 2438 419 2500 tones
449 2432 570 2518 quibus
593 2432 778 2519 triumphet
805 2432 935 2518 injuriis
964 2434 1018 2499 vel
1049 2434 1255 2500 contumeliis
1279 2435 1378 2500 infes-

324 2541 385 2603 tet.
432 2535 511 2601 Non
533 2535 622 2601 enim
637 2539 688 2600 est
702 2533 800 2601 ullius
823 2535 914 2602 ducis
931 2536 1071 2601 victoria
1093 2537 1151 2602 sed
1173 2537 1305 2602 illorum
1320 2537 1378 2623 qui

324 2661 384 2726 pro
409 2659 447 2704 eo
477 2637 670 2724 sanguinem
694 2648 795 2702 suum'
815 2638 994 2724 pugnando
1029 2638 1229 2718 diffundunt,
1266 2645 1378 2706 temen

324 2740 501 2828 pacificebo
532 2761 607 2806 eum
637 2739 665 2804 si
691 2745 813 2826 potero,
838 2739 917 2826 quia
946 2740 1067 2828 injuria
1096 2763 1194 2828 quam
1225 2741 1308 2808 mihi
1329 2742 1379 2808 in-

325 2842 405 2910 tulit
443 2842 522 2908 satis
552 2841 721 2908 vindicata
751 2846 802 2908 est
841 2842 878 2907 in
910 2842 975 2921 illo,
1007 2865 1081 2908 oum
1122 2844 1378 2910 misericordiam

325 2967 432 3011 meam
464 2944 624 3032 imploret.
683 2945 872 3011 Festinavit
903 2945 1099 3033 Androgeus
1128 2945 1242 3012 Julio⁸
1271 2969 1378 3034 genua

325 3049 395 3136 ejus
418 3048 591 3128 curvando,
612 3046 758 3114 eum⁰in
795 3048 884 3115 hunc
912 3048 1074 3115 allocutus
1099 3053 1148 3116 est
1174 3070 1374 3116 sermonem:

754 3395 834 3462 Ore.
858 3394 965 3462 XXV.

308 3649 310 3658 ·
371 3621 466 3687 Edon
494 3621 575 3689 satis
605 3623 782 3690 vindicasti
812 3628 846 3690 te
875 3625 912 3690 in
944 3625 1221 3708 Oassibalaunum,
1253 3627 1379 3695 miseri-

327 3726 473 3792 cordiam
500 3725 541 3790 de
577 3723 635 3790 illo
665 3726 758 3792 habe.
832 3727 920 3809 Quid
950 3729 1091 3816 amplius
1128 3731 1290 3820 agendum
1328 3737 1379 3798 est

327 3849 426 3913 quam
456 3832 496 3892 ut
525 3827 763 3914 subjectionem
799 3829 920 3896 faciens
949 3832 1090 3920 vectigal
1121 3831 1277 3901 Romanae
1308 3833 1379 3922 dig-

325 3929 426 3996 nitati
455 3930 633 3996 reddaturt
694 3931 841 4018 Cumque
881 3932 932 3997 nil
973 3935 1195 4022 respondisset
1205 3933 1230 3973 ¹⁰
1268 3935 1379 4004 Caesar

360 4279 501 4347 'Cercoriq
520 4296 569 4331 om.
603 4279 638 4332 D.
909 4287 1004 4339 ‘Nota
1037 4289 1065 4339 in
1075 4305 1155 4358 marg.
1184 4290 1219 4342 A.
1247 4291 1377 4344 inrnbrIc.

359 4361 410 4409 ’πο
442 4397 450 4412 .
484 4396 492 4411 .
526 4395 534 4410 .
568 4395 576 4410 .
609 4359 740 4427 deleretur]
768 4360 831 4412 This
875 4367 942 4419 Nota
964 4376 1051 4420 contra
1077 4371 1203 4436 principes
1230 4372 1376 4424 malitiosos.

327 4459 443 4502 sentence
464 4451 487 4501 is
509 4452 537 4500 in
554 4467 569 4502 a
585 4451 681 4502 clearer
696 4452 765 4503 hand
782 4455 832 4504 and
875 4448 992 4515 inmarg.
1026 4451 1059 4501 D.

329 4543 432 4594 blacker
443 4544 488 4593 ink
500 4543 562 4594 than
573 4551 677 4596 context
689 4544 715 4594 in
727 4545 760 4596 D.
908 4527 1072 4596 '⁸¹¹bjoefflm]
1116 4530 1251 4595 Βῑὼἷθθῒῑῑδο
1300 4531 1365 4585 B.D.

361 4635 466 4702 neh-am]
485 4644 518 4687 et·
552 4637 585 4688 D·
874 4623 907 4658 on
916 4623 949 4658 an
961 4623 1061 4660 erasure
1072 4610 1100 4660 in
1111 4609 1142 4660 B.

362 4729 441 4795 rma]
461 4729 636 4780 mannua
647 4729 678 4780 n.
905 4687 1237 4833 :ssl'p⁰]0g{lri‡m.n'e.u.

362 4819 522 4888 Ἀ’ίᾶῒθῦθθ]
532 4821 741 4888 adffldfflffium·
761 4822 826 4876 RD·
905 4847 923 4876 ¹²*
934 4846 1109 4914 respondisset]
1129 4849 1297 4911 responderet·
1332 4849 1366 4899 D·
