3590 5844
504 843 569 908 340
793 853 975 904 nonomen
998 851 1247 902 meromarou

336 1030 462 1084 luanu-
548 1031 750 1118 Evaginavit
772 1053 849 1118 ergo
871 1052 931 1096 rex
954 1028 1170 1096 Ooliburnum
1194 1033 1229 1095 et
1248 1033 1412 1117 praetenso
1435 1027 1553 1116 clypeo

332 1109 390 1164 lory
402 1099 433 1148 ol

335 1165 408 1230 Klng

502 1149 662 1222 quantum
694 1132 851 1200 velocitas
885 1133 1015 1198 sinebat
1047 1130 1264 1220 properabat¹
1305 1153 1380 1197 eum
1415 1133 1452 1196 in
1481 1133 1552 1196 ictu

336 1231 443 1286 mur·
501 1235 708 1325 praecedere⁹
740 1239 920 1322 antequem
951 1235 1079 1301 clavem
1111 1237 1257 1322 cepisset.
1305 1235 1352 1301 At
1388 1233 1443 1299 ille
1483 1255 1552 1298 non

501 1341 636 1426 ignarus
659 1359 728 1404 suae
764 1337 990 1403 meditationis
1017 1337 1089 1423 jem
1119 1357 1192 1402 enm
1218 1341 1348 1422 ceperat
1377 1356 1552 1422 regemque

501 1443 734 1528 interpositum
764 1439 915 1528 clypeum
949 1443 1044 1505 tanto
1074 1440 1244 1504 conamine
1275 1439 1436 1526 percussit
1461 1437 1551 1524 quod

501 1543 631 1608 sonitus
668 1543 754 1608 ictus
792 1540 854 1608 et⁸
891 1545 965 1606 tote
997 1541 1096 1608 litora
1128 1541 1269 1628 replevit
1291 1545 1326 1605 et
1357 1562 1452 1606 erues
1480 1539 1552 1624 ejus

502 1645 592 1712 ultre
629 1643 764 1710 modum
802 1641 983 1709 hebetavit.
1044 1643 1116 1708 Rex
1154 1663 1233 1708 vero
1270 1643 1337 1708 ocri
1383 1643 1553 1729 ignescens

505 1747 563 1825 ira,
595 1750 703 1812 erecto
738 1747 774 1812 in
808 1745 950 1810 frontem
974 1744 1046 1830 ejus
1076 1767 1153 1812 ense
1175 1744 1298 1811 vulnus
1327 1744 1445 1810 intulit
1475 1745 1554 1810 licet

500 1869 570 1914 non
599 1847 747 1925 mortale,
771 1846 859 1914 unde
893 1845 1053 1934 sanguis⁴
1075 1848 1112 1912 in
1142 1847 1258 1914 faeiem
1293 1852 1328 1913 et
1350 1847 1459 1913 oculos
1482 1847 1554 1934 ejus

502 1949 668 2038 profluens
702 1947 892 2016 eorumdem
926 1951 1104 2016 exoaecevit
1137 1951 1248 2016 eciem.
1305 1949 1555 2036 interposuerat

503 2075 645 2138 namque
668 2052 795 2119 elevem
825 2073 919 2117 suem
949 2051 1032 2117 ictui
1066 2053 1153 2138 regis
1175 2057 1211 2118 et
1240 2051 1383 2118 frontem
1415 2075 1510 2118 suem
1533 2074 1556 2117 a

503 2155 619 2222 lethali
641 2153 777 2222 vulnere
792 2155 972 2220 muniebat.
1019 2153 1213 2220 Excaecetne
1235 2161 1347 2220 nutem
1370 2156 1555 2242 profluente

503 2259 663 2346 sanguine
685 2258 791 2324 acrior
813 2257 967 2344 insurgit,
991 2261 1025 2323 et
1047 2257 1141 2322 velut
1170 2279 1248 2344 aper
1269 2279 1328 2344 per
1350 2257 1554 2322 venabulum

502 2361 539 2426 in
561 2365 751 2432 venatorem
773 2361 823 2426 ita
845 2360 943 2426 irruit
965 2381 1023 2446 per
1043 2358 1191 2446 gladium
1217 2361 1253 2424 in
1275 2381 1394 2447 regem,
1411 2365 1445 2426 et
1466 2383 1556 2426 com⁴

503 2462 676 2550 plectendo
699 2483 775 2528 eum
798 2483 856 2550 per
878 2462 1023 2528 medium
1046 2463 1153 2550 coegit
1180 2461 1275 2528 illum
1299 2463 1424 2529 humo⁶
1445 2485 1555 2551 genua

503 2563 640 2630 flectere.
685 2563 855 2630 Arthurus
893 2565 997 2650 igitur
1029 2570 1183 2632 revocata
1211 2567 1339 2632 virtute
1366 2567 1456 2632 ocius
1489 2566 1554 2631 elo·

502 2665 595 2730 bitur
632 2669 668 2730 et
704 2665 853 2730 celeriter
890 2687 979 2732 nunc
1016 2665 1093 2732 hinc
1130 2689 1218 2734 nuuc
1248 2667 1338 2734 illino
1375 2668 1554 2734 nefandum

501 2767 611 2854 gladio
633 2765 853 2846 verberabat,⁰
876 2788 936 2833 nec
958 2769 1124 2854 requievit
1146 2769 1248 2836 donec
1269 2771 1386 2836 letholi
1417 2771 1554 2836 vulnere

502 2867 596 2934 illoto
618 2871 729 2936 totum
752 2889 942 2936 mucronem
963 2871 1067 2958 copiti
1097 2872 1271 2960 impressit,
1296 2895 1362 2960 quo
1384 2874 1555 2940 cerebrum

502 2976 589 3038 testa
626 2971 867 3059 protegebatur.
914 2971 1126 3038 Exclamavit
1162 2995 1239 3040 vero
1273 2975 1401 3041 invisus
1432 2977 1486 3043 ille
1519 2983 1556 3044 et

500 3073 596 3142 velut
618 3095 756 3160 quercus
778 3078 956 3140 ventorum
972 3075 1099 3142 viribus
1123 3077 1288 3142 eradicato
1310 3099 1385 3144 oum
1408 3081 1554 3146 maximo

502 3177 615 3243 sonitu
648 3177 779 3242 corruit
826 3176 900 3242 Rex
938 3177 1026 3244 illico
1060 3178 1206 3245 invisum
1232 3181 1361 3247 solutus
1399 3185 1556 3270 praecepit

503 3279 663 3346 Bedwero
685 3283 857 3366 amputare
881 3281 912 3344 ei
934 3285 1034 3367 caput
1056 3285 1091 3347 et
1113 3279 1213 3348 dure⁷
1235 3283 1297 3350 uni
1317 3285 1555 3372 'armigerorum

510 3383 554 3448 ed
576 3381 789 3448 deferendum
811 3382 855 3448 od
881 3385 990 3448 castra
1017 3387 1058 3448 ut
1079 3381 1192 3450 esset⁸
1213 3387 1434 3473 speetamrlum
1464 3389 1557 3454 intu-

503 3481 666 3550 entibus.⁰
711 3483 852 3550 Dicebat
889 3484 977 3549 enim
994 3482 1020 3521 ¹⁰
1049 3507 1084 3550 se
1121 3507 1188 3552 non
1218 3488 1382 3554 iuvenisse
1412 3489 1555 3556 alterum

502 3591 609 3652 tentae
648 3584 855 3652 fortitudinis
889 3591 1064 3674 postquem
1099 3586 1278 3654 Rithonem
1312 3593 1480 3678 gigantem
1519 3595 1555 3658 in

502 3687 626 3754 Arevio
648 3693 760 3754 monte
786 3688 960 3766 interfecit,
985 3691 1044 3776 qui
1066 3690 1175 3777 ipsum
1198 3689 1241 3757 ad
1262 3694 1484 3780 proeliandum
1506 3696 1558 3761 iu-

502 3791 677 3856 viteveret.
722 3789 789 3856 Hie
806 3788 932 3857 Rithon
956 3811 999 3858 ex
1014 3791 1126 3860 bortis
1149 3814 1265 3880 regum
1280 3817 1362 3883 quos
1377 3799 1556 3886 perimeret

536 4207 715 4274 'proper-abar]
734 4215 856 4274 pmpmt,
891 4209 956 4260 BJ),
1086 4199 1178 4268 'dareJ
1197 4202 1261 4253 (lari.
1295 4203 1359 4256 RD.

533 4285 703 4394 :Pm‘lff‘l
722 4289 863 4352 pmoeeee.
896 4289 927 4340 Β·
1084 4317 1178 4384 mer]
1197 4319 1273 4372 seres
1302 4321 1367 4373 eo.

554 4365 589 4430 et]
608 4380 657 4414 om.
692 4365 757 4416 B.D.

533 4443 666 4509 ‘meguid
685 4451 873 4508 tamenproem.
907 4447 972 4498 m).
1084 4435 1263 4488 'Exclamavit
1279 4455 1335 4490 cero
1360 4451 1557 4508 ..nepem

533 4521 712 4588 ’Μυκήνη
731 4523 877 4574 eumhumi,
911 4525 976 4576 RD,
1050 4513 1299 4586 criminantibus]
1318 4519 1396 4572 Much
1409 4521 1556 4591 injuredby

533 4606 578 4654 'et
595 4599 704 4653 celeriter
721 4639 728 4654 .
746 4639 753 4654 .
772 4640 779 4654 .
797 4640 804 4654 .
822 4639 829 4653 .
846 4603 1002 4673 eamear]
1049 4593 1207 4646 ”Wlfflin
1221 4597 1255 4646 Α·

499 4681 604 4776 ijured
621 4684 655 4748 by
670 4681 790 4776 nolonte
808 4682 836 4733 ln
846 4683 881 4734 A·
894 4691 919 4736 et
936 4685 1001 4737 00¹0·
1083 4701 1101 4732 ¹·
1111 4701 1152 4753 De
1174 4703 1287 4757 Bithone
1307 4705 1418 4775 gigante.
1433 4707 1460 4760 in
1471 4723 1554 4776 marg.

500 4771 563 4814 uter
579 4799 686 4816 .....
704 4763 851 4816 diverberet
885 4763 951 4818 RD.
1046 4779 1116 4839 ΛΑ),
