3674 5800
616 887 799 938 annosum
820 885 1070 941 menoamnnm
1322 876 1364 941 31

313 1060 367 1126 hie
403 1059 468 1129 fuit
497 1059 585 1126 filius
624 1059 788 1128 Simeonis
824 1063 945 1128 summi
982 1061 1181 1145 saaerdotis3
1213 1062 1303 1129 unde
1342 1085 1364 1130 a
1378 1073 1497 1156 ofnyr·

313 1163 433 1250 populo
454 1163 513 1230 illo
534 1163 704 1230 Johannes
728 1164 906 1250 Hyreanas
928 1167 1121 1234 nominatus
1135 1170 1199 1248 est,
1214 1171 1255 1234 ut
1279 1165 1363 1234 dicit
1377 1159 1457 1197 ω’

316 1265 476 1356 Magister
498 1267 724 1336 Historiarum
745 1265 783 1334 in
804 1267 976 1357 principio.

731 1617 811 1684 One.
835 1617 963 1684 XXXI.

639 1819 690 1888 De
711 1819 859 1888 Hiberia
880 1819 1050 1907 ltepieae.¹

361 2022 520 2087 Hmnam
543 2025 593 2086 est
608 2021 697 2110 regio
713 2019 803 2088 Asiae
818 2041 919 2108 prope
935 2019 1091 2100 Pontum,
1107 2020 1152 2087 ad
1167 2021 1363 2088 Armeniam
1377 2033 1531 2093 Orflibefia

311 2126 438 2212 juncta
494 2123 537 2189 In
562 2125 623 2190 hae
649 2125 782 2212 regione
808 2129 990 2191 naseuntur
1020 2123 1229 2212 herbaeque
1263 2125 1364 2192 utiles

314 2231 394 2294 sunt
416 2227 580 2294 tincturae.
633 2225 708 2293 Hoc
738 2226 895 2308 Isidorus,
930 2227 1018 2294 libro
1050 2243 1154 2308 211111,
1186 2227 1284 2315 eapit.
1325 2229 1365 2294 de

318 2329 408 2397 Asia

718 2599 797 2668 Gne.
821 2599 970 2670 XXXII.

723 2801 773 2870 De
787 2801 950 2870 Athaman.

359 3005 521 3072 Ananiam
541 3006 631 3074 Asiae
653 3006 788 3093 Majoris
810 3012 861 3075 est
882 3009 1059 3096 provincia,
1081 3031 1103 3076 a
1124 3009 1230 3076 eolore
1252 3009 1365 3098 populi
1378 3027 1417 3078 Of

315 3115 512 3197 nuncupata,
536 3131 575 3176 eo
598 3112 686 3196 quod
708 3111 784 3177 albo
806 3112 894 3178 enine
924 3116 1112 3178 nascuntur.
1170 3112 1292 3199 Rigida
1313 3093 1494 3179 estfflbffil·

315 3214 404 3300 regio
432 3213 492 3277 illa
513 3218 663 3300 respectu
692 3213 833 3280 aliarum
855 3236 929 3300 quae
951 3213 1043 3280 Asiae
1066 3214 1262 3280 subduntur.
1307 3213 1363 3278 Ab

315 3313 450 3381 Oriente
484 3315 585 3380 habet
619 3314 712 3382 Mare
737 3315 903 3404 Caspium,
927 3321 962 3380 et
985 3317 1093 3403 surgit
1114 3337 1173 3402 per
1196 3337 1254 3380 ora
1281 3315 1361 3402 Sep

314 3417 522 3484 tentrionalis
545 3416 667 3483 Oceani
700 3439 804 3502 usqne
838 3417 903 3482 ad²
932 3417 1106 3482 Maeotidos
1132 3416 1281 3494 Paludes,
1304 3437 1363 3504 per

313 3519 384 3584 loea
405 3520 534 3585 deserta
555 3524 590 3585 et
611 3517 851 3585 incultissima³
872 3539 907 3583 se
929 3518 1118 3584 extendens.
1153 3516 1244 3582 Huie
1265 3521 1362 3585 terrae

312 3623 463 3708 ingentes
493 3625 572 3686 sunt
601 3642 705 3699 eanes,
728 3620 838 3686 animo
868 3625 903 3686 et
932 3640 1065 3705 corpore
1087 3623 1159 3685 tam
1180 3618 1300 3686 feroces
1322 3625 1363 3687 ut

312 3723 430 3802 leones,
453 3723 581 3811 pardos,
604 3723 718 3811 tigres,
742 3721 931 3809 elephantes
953 3721 1141 3808 perimant3
1173 3721 1362 3788 hominibus

313 3826 480 3892 mitissimi
502 3829 581 3891 eunt
611 3828 645 3891 et
675 3823 914 3904 amantissimi3
946 3823 1030 3889 unda
1057 3823 1195 3905 Plinius,
1217 3824 1362 3911 capitulo

313 3929 365 3994 De
388 3927 542 4007 Canibus,
565 3931 709 3995 testatur
731 3927 773 3994 de
795 3949 874 3993 eane
906 3926 1005 3992 misso
1038 3927 1082 3991 ad
1112 3947 1224 4013 regem
1258 3926 1361 3991 Alex·

312 4032 460 4110 andnam,
478 4029 620 4116 qualiter
641 4029 730 4096 canis
751 4029 789 4096 in
810 4029 918 4102 stadio
941 4027 1218 4108 oceiditleonem,
1233 4050 1359 4115 aprum,

311 4137 346 4198 et
369 4133 584 4221 elephantem
629 4131 783 4198 Albaniae
798 4153 879 4219 gens
902 4131 1012 4198 oeulos
1034 4130 1137 4196 habet
1158 4129 1299 4218 glaucos,
1322 4131 1360 4198 in

311 4236 438 4324 pupilla
468 4236 620 4322 depictos,
655 4235 705 4302 ita
735 4233 845 4321 quod⁴
878 4233 920 4300 de
948 4237 1046 4302 noete
1074 4233 1193 4300 melius
1221 4229 1359 4300 videant

313 4359 412 4426 quam
434 4338 475 4404 de
497 4338 557 4405 die.
604 4337 679 4404 Hoc
699 4337 790 4404 idem
813 4335 954 4404 Solinus.

345 4703 482 4772 ¹Reqieaa]
501 4719 550 4756 om
582 4703 648 4758 ΕΙ).
890 4703 1082 4770 'imminuam
1100 4701 1204 4756 inanita-
1236 4701 1302 4755 B.D.

343 4783 412 4853 Ἦ]
430 4800 480 4837 om.
513 4783 578 4838 m).
890 4781 986 4852 ΨΜ]
1004 4789 1039 4836 nt.
1072 4783 1137 4838 al).
