3656 5800
280 1035 335 1086 Tha
346 1049 404 1100 pro·

278 1107 358 1174 phecy
370 1100 400 1152 ns

279 1171 383 1226 Merlin.

451 827 521 894 300
745 837 930 890 numurus
953 835 1203 890 srsrnmssmr

496 1011 664 1080 Secundus
695 1013 807 1099 imque
838 1011 1052 1080 associabitur
1085 1011 1183 1093 leoni,
1206 1012 1264 1078 sad
1295 1017 1412 1078 exorte
1445 1012 1503 1078 lite

450 1135 656 1202 congressum
679 1115 825 1196 sacient;

493 1217 620 1282 Mutuis
642 1217 789 1284 cladibus
810 1218 1022 1284 succumbent
1036 1221 1161 1298 mutuo,
1178 1217 1234 1282 sed
1257 1217 1371 1284 feritas
1386 1217 1503 1284 bcllnae

447 1321 650 1407 praevalebit.

491 1423 708 1510 Superveniet
739 1423 873 1512 quidam
905 1423 942 1490 in
974 1429 1135 1513 tympano
1166 1430 1201 1491 et
1232 1425 1359 1491 cithare
1389 1431 1424 1491 et
1446 1425 1502 1490 dc·

444 1525 601 1592 mulcebit
622 1526 725 1592 leonis
748 1527 920 1607 saevitiem,

490 1629 755 1696 Paciliesbuntur
778 1629 929 1696 nationes
951 1631 1044 1718 regni
1067 1637 1102 1696 et
1123 1631 1250 1698 leonem
1272 1631 1315 1696 ud
1342 1635 1500 1697 staterum

441 1733 674 1818 provocabunt.

486 1833 609 1902 [neate
630 1835 706 1902 sede
728 1835 771 1900 ad
795 1855 910 1924 pensas
940 1834 1108 1902 studebit¹
1133 1837 1190 1903 sed
1225 1837 1360 1924 palmus.
1382 1837 1417 1900 in
1440 1836 1498 1901 Al·

441 1936 575 2004 baniam
598 1939 757 2005 extendet
774 1963 784 2018 ς

486 2040 720 2108 Tristebuntur
757 2039 977 2128 Aquilonares
1016 2041 1193 2128 provinciae
1231 2047 1266 2108 et
1299 2041 1384 2108 ostia
1418 2048 1499 2108 tem·

440 2143 569 2230 plorum
591 2143 831 2222 reserabuntur,

485 2247 654 2335 Signifer⁹
678 2247 774 2334 lupus
805 2245 965 2313 conducet
996 2251 1121 2312 tunnas
1154 2254 1189 2314 et
1211 2247 1315 2314 cauda
1337 2269 1397 2314 sua
1420 2247 1498 2315 Ocr-

439 2350 574 2416 nubism
597 2351 851 2436 circumcinget;

486 2453 630 2520 Resistet
660 2452 692 2519 ei
724 2453 819 2518 miles
852 2451 888 2516 in
926 2473 1022 2518 curru
1055 2453 1113 2540 qui
1150 2453 1308 2540 papulum
1342 2452 1495 2518 illumin

439 2578 555 2644 aprum
578 2555 732 2622 mutabit.

482 2657 638 2724 Vastabit
671 2679 750 2744 aper
786 2655 975 2744 provincias
1008 2662 1044 2724 et
1070 2657 1106 2722 in
1144 2657 1308 2746 profirndo
1345 2657 1495 2725 Subrinae

438 2760 601 2827 ocultsbit
624 2764 731 2848 eaput

482 2861 739 2952 Amplexebitur
760 2861 859 2928 homo
882 2861 1032 2928 leonem⁸
1066 2864 1102 2930 in
1126 2863 1207 2929 vino
1229 2869 1265 2930 et
1285 2863 1394 2951 fulgor
1422 2863 1495 2930 auri

437 2965 546 3031 oeulos
567 2963 771 3030 intuentium
794 2964 980 3043 excaecabit,

482 3067 646 3134 Gaudebit
668 3071 843 3156 argentum
866 3066 902 3132 in
924 3067 1062 3135 circuitu
1093 3073 1128 3134 et
1159 3067 1289 3135 diverse
1319 3068 1494 3136 torcularis

437 3169 582 3248 vexabit,
1195 3233 1199 3244 ,

482 3271 657 3362 Inposit0⁴
694 3273 775 3340 vino
820 3271 1076 3340 inebriabuntur
1110 3273 1272 3354 mortales,
1311 3273 1492 3362 postposito

439 3375 521 3444 coelo
543 3377 580 3442 in
603 3382 726 3444 terram
749 3373 945 3463 respicient⁶

481 3479 537 3546 Ab
559 3479 606 3546 eis
628 3479 742 3546 vultus
764 3483 917 3545 avertent
939 3477 1046 3544 sidera
1068 3482 1103 3545 at
1124 3479 1258 3545 solitum
1273 3501 1403 3546 cursum
1418 3501 1492 3545 con-

436 3581 599 3663 fundent3

482 3685 617 3773 Segetae
639 3684 782 3751 arabunt
804 3682 856 3750 his
879 3682 1133 3772 indignantibus
1155 3689 1191 3750 et
1213 3684 1332 3751 humor
1354 3685 1491 3752 convexi

436 3787 623 3875 negabitur,

482 3889 622 3956 Radices
648 3893 683 3956 et
707 3887 792 3955 rami
815 3887 902 3955 vices
923 3889 1112 3972 mutabunt,
1128 3889 1260 3956 novitus
1282 3890 1331 3956 rei
1353 3890 1440 3958 erit⁶
1454 3892 1491 3958 in

436 3988 655 4071 mimcrdum,⁷

480 4095 643 4182 Splendor
678 4095 755 4161 salis
792 4095 911 4162 electro
949 4093 1101 4162 Mercurii
1139 4093 1310 4184 languebit
1354 4101 1389 4162 et
1425 4091 1489 4163 erit

435 4195 551 4263 horror
572 4195 835 4283 inspicientibus,

467 4533 602 4601 ¹rtudabit]
621 4533 742 4585 stridebit
776 4533 841 4584 B.D.
1016 4535 1177 4602 'respicienfl
1197 4535 1326 4602 aspicient.
1360 4537 1425 4586 RD.

467 4613 613 4682 'SigniferJ
634 4613 774 4678 Significat.
792 4615 826 4664 D.
1016 4615 1096 4682 'crir]
1116 4615 1177 4667 exit
1211 4617 1242 4666 B.

467 4693 587 4762 'lmerrq
606 4709 654 4745 om.
688 4693 752 4744 B.D.
1019 4692 1192 4761 Μένωνι]
1220 4695 1366 4748 remedium.
1400 4701 1486 4761 praenr.

467 4773 613 4844 *legerim
632 4773 760 4840 Imposito.
795 4773 861 4826 m).
982 4773 1013 4824 B.
1032 4775 1194 4825 uouadout
