3590 5844
456 829 521 896 362
753 843 935 896 nonomen
958 842 1206 896 msmmssmc

287 1013 417 1146 Ἣ»
456 1035 569 1102 nxvl.;
599 1025 760 1108 praetereo
789 1019 869 1088 fecit
904 1041 1005 1088 unam
1038 1025 1184 1088 turmam
1215 1041 1258 1085 ex
1287 1019 1416 1086 (mm
1446 1019 1507 1105 qui

284 1145 393 1270 itti

454 1123 694 1210 supem'ueront,
722 1129 758 1190 et
795 1125 972 1211 unicuique
1015 1123 1155 1190 alierum
1190 1123 1383 1190 ductoribus
1417 1121 1509 1188 datis

455 1247 527 1292 enm
565 1228 681 1293 tuteloe
714 1249 781 1294 suae
819 1227 977 1314 permisit.
1046 1227 1112 1292 His
1155 1225 1268 1314 itaque
1306 1225 1506 1304 distributis,

451 1349 615 1416 quemquo
635 1330 766 1396 illorum
789 1326 969 1409 monisbst,
996 1329 1195 1418 promittens
1216 1332 1409 1395 coeterorum
1432 1349 1507 1416 pos·

450 1431 609 1498 sessiones
635 1431 683 1498 eis
708 1433 737 1498 si
761 1433 805 1498 ed
834 1433 1107 1520 triumphandum
1132 1436 1329 1520 perstarent

494 1533 664 1601 Arthurus
690 1555 819 1622 quoque
846 1555 943 1602 sunm
973 1535 1160 1602 exercitum
1184 1535 1222 1600 in
1247 1533 1389 1600 sdversc
1409 1539 1506 1621 porte

450 1639 579 1720 ststuit,
606 1659 704 1726 quem
740 1661 798 1726 per
829 1655 875 1704 nc
908 1641 1043 1726 agmina
1073 1635 1197 1716 divisit,
1230 1637 1398 1724 pedestris
1428 1659 1505 1702 cum

449 1741 567 1808 dextro
591 1747 627 1808 et
655 1741 790 1808 sinistro
814 1761 916 1808 cornu
946 1741 1110 1828 quadrato
1128 1745 1163 1806 et
1184 1739 1364 1826 unicuique
1389 1740 1503 1827 presi-

450 1843 547 1910 dibus
570 1844 757 1926 commissis,
774 1843 930 1911 hortatur
952 1849 993 1910 ut
1015 1841 1164 1932 pesjuros
1186 1848 1221 1909 et
1243 1843 1390 1908 latrones
1405 1842 1507 1909 inter-

450 1945 577 2026 imant,¹
602 1949 660 2034 qui
683 1947 815 2014 monitu
847 1947 1026 2036 proditoris
1048 1947 1101 2012 sui
1124 1947 1166 2012 de
1188 1945 1339 2012 externis
1362 1945 1506 2033 regioni·

449 2049 570 2116 busin
592 2051 735 2117 insulem
767 2051 899 2117 advecti
933 2069 1009 2115 suos
1032 2049 1063 2116 ei
1086 2048 1227 2114 honores
1250 2047 1382 2114 demere
1404 2047 1504 2113 effec-

450 2153 577 2219 tsbent
624 2151 739 2220 Vicit²
773 2153 874 2220 etiem
908 2151 1057 2218 diversos
1088 2151 1295 2217 diversorum
1329 2171 1507 2238 regnorum

449 2255 606 2322 barbaros
628 2255 775 2324 imbelles
797 2261 898 2342 atque
920 2253 999 2322 belli
1015 2275 1094 2321 usus
1116 2254 1250 2342 ignaros
1267 2273 1347 2332 esse,
1371 2258 1408 2320 et
1429 2253 1506 2318 nul-

449 2357 579 2424 latenus
610 2359 690 2446 ipsis
712 2359 964 2425 virtuosissimis
987 2363 1021 2423 et
1053 2355 1206 2444 pluribus
1228 2355 1507 2423 debellationibns

449 2461 517 2526 usis
539 2463 689 2529 resistere
723 2461 879 2550 posse,si
911 2459 1069 2526 sudaster
1103 2459 1262 2526 invadere
1295 2463 1331 2526 et
1363 2457 1509 2526 viriliter

449 2564 615 2630 desertore
636 2565 841 2632 affectarent

494 2665 582 2752 Ipsis
603 2667 717 2752 itaque
742 2667 820 2732 hinc
842 2671 878 2734 et
902 2667 980 2733 inde
1011 2664 1254 2732 commilitones
1279 2661 1354 2732 snos
1380 2664 1507 2754 confor-

448 2769 599 2835 tentibos
627 2769 739 2836 subito
768 2770 897 2856 impetu
926 2774 1127 2835 concurrunt
1157 2769 1242 2834 ecies
1273 2773 1308 2834 et
1333 2769 1507 2835 commisso

448 2872 566 2959 proelio
583 2871 712 2938 crebros
734 2871 821 2937 ictus
842 2871 1030 2939 innectere³
1053 2871 1233 2938 elaborant
1273 2871 1378 2938 Fiunt
1393 2871 1508 2958 itaque

448 2975 485 3040 in
510 2975 658 3062 utrisque
689 2973 838 3062 portibus
868 2979 975 3042 tontae
1006 2979 1143 3063 strages,
1170 2973 1260 3040 tenti
1290 2975 1504 3040 morientium

448 3080 600 3166 gemitus,
622 3081 712 3146 tanti
744 3079 975 3146 invadentium
1008 3079 1143 3157 imeres,
1175 3082 1319 3164 quantos
1350 3081 1385 3144 et
1415 3077 1507 3143 dolo·

447 3203 558 3248 rosum
592 3187 627 3248 et
657 3183 858 3248 laboriosum
896 3187 947 3248 est
984 3181 1189 3263 doscribere;
1228 3181 1377 3266 undique
1415 3181 1504 3246 enim

448 3281 690 3352 vulnerabant⁴
713 3290 748 3352 et
770 3285 1044 3363 milnerebontur,
1068 3283 1280 3372 perimebant
1302 3287 1338 3349 et
1366 3283 1507 3370 perime·

448 3387 578 3454 bantur.

492 3491 672 3578 Postquam
687 3496 801 3557 eutem
823 3490 967 3556 multum
991 3488 1057 3556 diei
1079 3491 1116 3555 in
1136 3491 1225 3557 hunc
1239 3489 1376 3558 modum
1398 3489 1507 3556 duxe-

447 3593 549 3660 runt⁶
576 3595 676 3660 irruit
705 3593 841 3660 tandem
868 3593 1038 3659 Arthums
1067 3615 1142 3659 cum
1173 3594 1307 3681 agmine
1336 3613 1412 3673 uno,
1437 3615 1503 3678 quo

447 3701 666 3764 v1.s1.vl.c.et
692 3711 770 3762 nxv.
794 3701 957 3784 posuerat,
980 3697 1185 3763 intormem
1212 3695 1304 3762 illem
1329 3697 1388 3762 ubi
1411 3694 1502 3760 Mor-

447 3799 587 3866 dredum
625 3797 750 3866 sciebat
777 3821 854 3878 esse,
883 3805 919 3866 et
948 3797 1039 3865 viem
1069 3800 1190 3888 gladiis
1223 3799 1401 3886 aperiendo
1430 3819 1504 3864 eom

446 3905 636 3992 penetravit
657 3907 693 3970 et
714 3903 938 3970 tiistissimcm
962 3903 1085 3969 caedem
1107 3901 1254 3991 ingessit.

493 4005 647 4074 Concidit
679 4027 823 4093 nemque
856 4005 1007 4094 proditor
1038 4003 1096 4072 ille
1131 4005 1295 4072 nefandos
1326 4007 1362 4070 et
1395 4003 1504 4071 multa

448 4109 541 4175 milio
563 4131 683 4191 secum,
707 4131 768 4176 nec
789 4114 903 4176 temen
934 4107 978 4174 ob
1011 4129 1121 4175 ossum
1145 4109 1215 4196 ejus
1238 4107 1420 4196 diffugiunt
1441 4129 1505 4174 cse-

448 4211 522 4292 teri‚
546 4213 603 4278 sed
627 4233 669 4278 ex
692 4213 783 4278 omni
805 4235 920 4300 eampo
943 4211 1145 4279 confluentes
1177 4218 1340 4299 quantum
1363 4211 1503 4277 eudocia

445 4315 588 4381 debetur
609 4315 760 4380 resistere
782 4321 950 4382 conentur.
987 4315 1218 4384 Committitur
1232 4338 1310 4404 ergo
1332 4315 1502 4382 dhiseimo

454 4493 552 4502 ιη...-

480 4601 650 4667 messmam]
669 4597 801 4651 nmmo
835 4597 869 4650 t
970 4589 975 4662 Ι
1033 4609 1226 4678 «assesso
1245 4617 1277 4662 s.
1305 4623 1390 4678 prem.
1418 4611 1450 4660 n.

477 4681 582 4748 ²Vicit]
600 4680 677 4732 Dicit
711 4677 777 4730 B.D.

478 4762 628 4828 'innecterd
647 4759 788 4811 immittere.
822 4755 886 4810 B.D.
1032 4743 1185 4813 'dstfwss
1203 4747 1329 4798 dumi·
1363 4743 1427 4797 RD.
