3656 5800
614 863 798 914 numuruu
823 863 1074 915 HISIORIARUM.
1298 851 1363 916 eol

357 1041 505 1107 Mutabit
528 1035 659 1104 Stilbon
681 1035 832 1126 elypeum
856 1037 1038 1119 Archadia,
1058 1039 1192 1107 vocabit
1206 1039 1367 1106 Venerem
1380 1059 1505 1126 Thapa-

313 1143 407 1230 gslea
430 1143 558 1226 Martis,
1381 1127 1501 1244 ffifilnf'f

358 1245 460 1314 Galea
494 1249 614 1318 Martis
647 1250 800 1317 umbram
831 1244 990 1323 conficiet,
1021 1242 1180 1310 transibit
1211 1243 1369 1310 terminos

312 1347 404 1416 furor
426 1350 588 1436 Mercurii,

356 1451 509 1522 Nudabit
530 1479 641 1523 ensem
664 1452 787 1522 Orion¹
821 1452 952 1530 ferreus,
976 1449 1115 1516 vexabit
1137 1447 1241 1515 nubes
1271 1448 1369 1516 Phoe-

313 1554 375 1620 bus
397 1577 576 1643 aequoreus,

356 1657 474 1726 Exibit
511 1660 646 1748 Jupiter
678 1659 786 1725 licitas
824 1655 969 1734 semitas,
1008 1659 1043 1720 et
1082 1653 1194 1721 Venus
1240 1654 1370 1722 deseret

313 1762 480 1826 statutes²
502 1763 628 1844 lineas3

358 1860 494 1930 Saturni
516 1863 632 1931 sideris
654 1863 758 1931 livido
781 1865 911 1930 corruet
933 1865 968 1926 et
990 1860 1075 1928 fasee
1097 1883 1199 1928 curva
1214 1861 1370 1928 mortales

315 1964 461 2050 perimet.

359 2067 537 2150 Bissenus³
570 2091 726 2136 numerus
757 2069 933 2135 domomm
960 2065 1103 2131 siderum
1137 2065 1273 2132 deflebit
1294 2067 1370 2133 hos·

315 2169 403 2260 pites
425 2171 474 2237 ita
496 2177 727 2252 transcurrere,

360 2271 527 2342 Omittent
561 2275 692 2342 Gemini
724 2268 938 2362 complexus⁴
968 2269 1082 2336 solitos
1117 2275 1151 2338 et
1184 2294 1301 2338 urnam
1333 2273 1370 2338 in

316 2380 433 2464 gentes
455 2379 692 2463 provocabunt,

360 2477 470 2545 Pensa
492 2479 601 2547 Librae
624 2480 756 2566 oblique
778 2477 970 2566 pendebunt
992 2475 1095 2542 donee
1116 2477 1212 2542 Aries
1234 2499 1371 2547 recurva

316 2601 439 2648 cornua
461 2603 522 2648 aua
543 2587 720 2670 supponat,

362 2682 476 2750 Gauda
498 2683 685 2772 Scorpionis
707 2681 894 2772 procreabit
924 2679 1059 2769 fulgura
1091 2685 1125 2748 et
1148 2680 1274 2748 Cancer
1296 2704 1370 2749 cum

316 2785 393 2852 Sole
415 2781 571 2873 litigabit,

361 2887 527 2954 Ascendet
549 2887 652 2976 Virgo
675 2889 809 2954 dorsum
833 2885 1007 2974 Sagittarii
1031 2890 1066 2952 et
1089 2885 1184 2952 flores
1199 2887 1372 2974 Virgineos

316 2989 511 3072 obfuscabit,

363 3091 487 3158 Orrrrue
510 3093 613 3159 Lunae
644 3089 797 3159 turbabit
819 3091 997 3158 Zodiacum
1020 3095 1055 3156 et
1085 3089 1121 3157 in
1151 3091 1267 3157 fletum
1298 3113 1371 3180 pro·

318 3200 473 3282 rumpent
495 3194 666 3276 Pleiades;

366 3295 480 3362 Officio
498 3297 570 3384 jam
592 3297 685 3362 nulla
707 3295 866 3362 redibunt
889 3295 945 3362 sed
977 3295 1086 3362 clausa
1113 3296 1218 3382 janua
1248 3295 1284 3362 in
1306 3317 1372 3362 ere-

318 3397 490 3484 pidinibue
512 3398 672 3465 Adrianae
695 3397 855 3479 delitebit,

363 3500 405 3565 ln
437 3499 507 3566 ictu
537 3501 622 3566 radii
654 3505 834 3588 exsurgent
866 3522 998 3587 mquora
1027 3503 1062 3566 et
1091 3499 1201 3588 pulvis
1223 3504 1372 3566 veterum

317 3601 543 3684 renovabitur,

364 3703 554 3793 Confligent
576 3705 670 3772 venti
693 3703 791 3771 diro⁸
825 3703 1008 3771 sufflamine
1042 3709 1077 3770 et
1107 3704 1253 3772 sonitum
1284 3703 1372 3772 inter

318 3808 426 3874 sidera
447 3809 631 3875 conficient.

364 3907 475 3975 Cum⁰
503 3909 574 3978 haec
607 3913 641 3976 et
672 3909 738 3976 alia
760 3910 990 3998 prophetasset
1018 3909 1188 3991 Merlinus,
1211 3911 1372 3998 ambigui·

319 4016 424 4079 tatem
458 4013 635 4082 verborum
673 4033 807 4080 suorum
844 4017 993 4080 aetantes
1039 4013 1074 4080 in
1120 4013 1372 4083 admirationem

319 4115 504 4184 commovit.

352 4433 466 4502 Ὀνίοη]
486 4431 591 4486 Orreoir‘.
609 4433 641 4486 B.
661 4433 752 4486 Oneon.
770 4436 804 4486 D.
904 4434 1072 4503 ‘emplum
1090 4437 1228 4502 amplexus.
1262 4437 1296 4488 D.

352 4512 489 4579 'statulas]
509 4521 610 4565 antuu-
644 4513 678 4562 D.
903 4513 989 4581 ‘diroJ
1009 4516 1066 4566 due.
1100 4515 1165 4566 B.D.

356 4589 508 4658 ‘Barata
526 4593 572 4644 Bis
584 4607 665 4644 senua
700 4593 764 4644 RD.
904 4591 1110 4659 ‘Cnm]13itur.
1144 4595 1200 4646 add
1235 4593 1268 4643 D.
