3674 5800
457 849 500 913 92
753 863 934 916 annosum
959 865 1208 916 srsroamauu.

877 1237 959 1305 CAP.
983 1238 1086 1306 CXV.

817 1541 821 1548 ι
879 1438 929 1506 De
943 1435 1084 1506 Medio.¹

286 1625 424 1680 0ffl⁰⁶i⁸⁶
499 1633 639 1703 Msn1n¹
677 1661 699 1704 a
732 1637 832 1705 Modo
872 1661 948 1728 roge
993 1643 1044 1706 est
1082 1639 1181 1720 diota,
1212 1639 1270 1726 qui
1300 1641 1503 1728 provinciam

453 1739 545 1806 illam
571 1741 726 1828 primitus
751 1745 803 1809 ost
825 1741 1012 1830 ingressum
1039 1741 1141 1809 habat
1163 1748 1275 1809 autom
1306 1740 1435 1810 Μθάἰαι
1459 1744 1502 1810 ab

454 1842 581 1908 Oooasu
602 1843 783 1922 Parthiam,
812 1865 833 1910 a
863 1843 1099 1931 Septentrions
1122 1844 1325 1922 Armeniam,
1348 1844 1392 1910 ab
1416 1843 1503 1912 Ortu

453 1944 585 2012 Montes
627 1945 763 2034 Caspios
774 1969 783 2028 ;
824 1969 846 2012 a
884 1947 1024 2013 Meridie
1069 1947 1239 2014 Persidam
1273 1947 1396 2029 habet3
1432 1947 1503 2014 haec

455 2047 551 2135 regio
588 2047 660 2115 sola
694 2049 856 2116 medinam
900 2049 1053 2116 arborem
1095 2049 1253 2138 parturit.
1302 2049 1407 2137 Regio
1444 2049 1503 2116 illa

451 2151 610 2237 opulenta
649 2151 765 2218 multis
809 2151 1005 2219 fluminibus
1044 2151 1183 2240 irrigua,
1226 2151 1424 2219 civitatibus
1468 2159 1502 2219 et

452 2253 583 2342 oppidis
612 2255 778 2342 praeclara,
802 2255 983 2321 multorum
1007 2257 1203 2343 populorum
1237 2253 1379 2336 domina,
1410 2254 1503 2341 cujus

451 2377 545 2444 roges
569 2355 726 2445 Magnam
757 2357 978 2446 Babyloniam
1013 2379 1051 2424 ao
1071 2357 1303 2424 Chaldaeorum
1327 2357 1501 2444 imperium

452 2459 637 2546 antiquitus
667 2459 871 2528 devioerunt.
918 2461 993 2528 Hoc
1024 2459 1185 2528 Isidorus.

870 2851 951 2919 CAP.
976 2855 1096 2923 CXVI.

782 3056 978 3126 Dalmata
998 3055 1184 3124 Mideliua.

287 3291 373 3345 orne
497 3261 565 3330 Esr
595 3261 631 3328 in
666 3260 753 3327 Mari
783 3259 956 3328 Adriatioo
986 3259 1097 3326 insula
1127 3260 1288 3346 quaedam,
1314 3281 1373 3347 per
1402 3283 1501 3347 quam

282 3357 410 3478 Ἠοῖ
451 3365 493 3432 de
522 3364 622 3453 Syria
646 3365 684 3430 in
705 3364 816 3452 Cypro
839 3369 875 3430 st
900 3363 937 3432 in
960 3361 1095 3430 Italiam
1118 3362 1312 3450 navigatum
1335 3363 1379 3429 ad
1402 3386 1500 3451 quam

451 3467 593 3534 difficilis
629 3472 680 3533 ast
708 3487 856 3534 aooossus
883 3471 1018 3554 proptor
1047 3465 1234 3547 bitaiissim,
1264 3465 1301 3531 id
1336 3470 1396 3549 est,
1418 3467 1499 3533 litus

450 3570 488 3636 in
517 3593 608 3636 mars
638 3575 813 3636 extensum
849 3591 891 3636 ex
922 3573 1020 3637 terrae
1056 3591 1154 3636 causa
1187 3567 1242 3634 vsl
1271 3590 1372 3635 arena
1400 3569 1501 3636 inter-

446 3672 543 3760 jecta,
559 3673 648 3740 unde
678 3695 782 3739 naves
804 3671 1046 3760 periclitantur,
1070 3676 1111 3738 ut
1135 3671 1241 3738 Actus
1263 3669 1498 3760 Apostolorum

450 3796 519 3864 cap.
543 3775 658 3842 xxviii
682 3779 751 3841 tam
774 3775 811 3840 in
835 3779 932 3841 textu
959 3795 1058 3861 quam
1086 3773 1123 3840 in
1144 3774 1261 3861 glossa,
1291 3779 1325 3842 st
1347 3775 1499 3861 quamvis

450 3878 682 3945 inhabitantes
703 3881 782 3944 sunt
805 3875 949 3958 barbari,
965 3877 1051 3944 oiroa
1075 3877 1286 3966 nauhugium
1309 3875 1498 3965 patientes*

450 3985 539 4059 sunt,
571 3979 709 4046 humani
739 3984 774 4046 et
803 3979 912 4046 mites.
959 3979 1015 4046 Ad
1053 3978 1138 4046 hano
1175 3979 1317 4046 insulam
1347 3979 1499 4068 pervenit

451 4082 578 4150 Paulus
602 4082 741 4150 Romam
770 4081 968 4171 navigando.
1015 4081 1089 4148 Hoc
1115 4081 1272 4150 Isidorus.

483 4431 605 4502 ‘uam
624 4431 722 4485 naa
755 4427 857 4484 nno.
971 4433 977 4506 ι
1022 4429 1032 4463 ¹
1038 4433 1174 4504 mona]
1192 4450 1241 4488 oa
1274 4431 1339 4486 no.
