3656 5800
619 875 802 928 nonoonnr
829 875 1079 928 nrsronmaon.
1305 857 1369 928 269

320 1054 355 1116 ot
392 1049 479 1138 fugit
523 1050 559 1116 in
596 1049 775 1117 Albaniam
817 1049 936 1116 itinere
977 1049 1127 1115 marino.¹
1190 1051 1371 1134 insequens

320 1151 456 1240 ipsum⁹
480 1152 666 1219 Ootaviuo⁸
690 1154 812 1219 iterum
837 1153 1097 1240 congrediuntur
1121 1157 1157 1218 et
1178 1153 1289 1217 victua
1311 1157 1370 1216 ast.

322 1254 503 1334 Octavius,³
533 1261 568 1321 et
590 1255 678 1344 fugit
703 1255 740 1321 in
763 1255 977 1343 Norwogiam
1007 1255 1050 1320 ad
1072 1275 1182 1342 rogem
1210 1254 1371 1340 (lumper-

320 1363 404 1436 tum,
450 1357 610 1424 auxilium
648 1358 692 1423 ab
737 1379 776 1423 eo
821 1357 1012 1446 flagitando.
1071 1356 1199 1422 Freto⁴
1240 1355 1368 1421 auxilio

321 1459 496 1547 Gumperti
531 1456 696 1526 Octavio⁵
726 1461 847 1526 iterum
888 1460 1088 1548 repatriavit
1119 1465 1154 1526 at
1196 1455 1373 1524 hohern⁶
1454 1463 1462 1476 “

320 1584 418 1649 super
439 1563 672 1648 Stayneamoro
694 1563 822 1642 oceidit,
847 1567 883 1628 et
910 1583 1023 1628 omnes
1047 1562 1211 1628 Romanos
1236 1561 1277 1627 de
1300 1561 1374 1626 Bri·

321 1667 438 1732 tannia
466 1665 604 1753 fugavit,
636 1671 671 1731 ot
703 1665 825 1731 iterum
855 1670 1039 1731 coronatur.
1087 1665 1164 1752 Ipso
1194 1685 1298 1750 usquo
1329 1664 1372 1730 ad
1385 1673 1511 1754 Denthof

320 1773 460 1834 mortem
505 1771 689 1855 aegrotante
733 1767 837 1838 filiam
882 1789 976 1834 suam
1014 1768 1151 1834 Conano
1198 1765 1372 1833 Meriadok
1387 1743 1516 1794 ΟΜΝ·

320 1871 456 1958 reliquit
491 1870 534 1936 ad
573 1869 805 1935 maritandum.
864 1870 938 1936 Ista
973 1891 1031 1958 per
1059 1891 1170 1957 regom
1209 1869 1370 1948 ordinata

322 1974 414 2060 regni
444 1994 593 2060 proceras
622 1973 757 2038 omnino
786 1973 991 2051 resistebant,
1019 1973 1166 2040 dioentoa
1201 1994 1270 2039 non
1304 1994 1373 2038 oasa

324 2077 444 2142 bonnm
476 2096 587 2162 ragam
624 2075 730 2141 fanore
755 2075 826 2140 sino
854 2095 1015 2142 oonoenau
1048 2075 1268 2162 imperatoris,
1295 2076 1374 2162 quia

321 2179 400 2244 lioet
429 2177 586 2264 majorem
613 2177 813 2265 dignitatem
842 2177 988 2256 haberet,
1019 2181 1128 2243 neotus
1157 2177 1224 2242 fuit
1246 2199 1306 2242 rex
1338 2182 1372 2242 et

324 2281 433 2347 haeroa.
479 2280 534 2347 Ad
564 2280 626 2346 hoo
657 2301 771 2346 omnes
797 2280 985 2346 oonoordati
1014 2285 1102 2358 sunt,
1136 2285 1172 2345 at
1202 2280 1369 2365 quondum

325 2383 447 2462 ducem,
461 2383 594 2448 nomina
618 2381 791 2460 Oadorum,
809 2381 945 2449 Romoe⁷
968 2383 1138 2456 miserunt,
1154 2403 1262 2448 comos
1286 2383 1376 2448 enim

324 2486 389 2552 fuit
405 2484 589 2552 Oornubiae.
637 2485 703 2550 Hie
726 2506 805 2551 vero
828 2484 943 2550 Romae
966 2484 1104 2550 venians
1120 2484 1162 2549 ab
1178 2485 1375 2571 imperatore

326 2587 501 2654 honorifico
531 2587 728 2674 suscipitur3
759 2587 812 2652 hio
843 2589 944 2653 etiam
981 2588 1116 2672 nogotia
1151 2592 1187 2653 et
1227 2588 1377 2652 missoria

326 2691 423 2755 modo
449 2695 483 2755 et
512 2689 627 2756 ordino
657 2711 724 2775 quo
754 2689 790 2754 in
823 2689 999 2756 Britannia
1029 2689 1120 2755 diota
1141 2689 1283 2769 fuerant,
1315 2690 1377 2756 im·

326 2793 469 2884 peratori
493 2791 655 2879 patefecit.

738 3081 819 3148 OAP.
838 3081 979 3147 XXXV.

373 3274 536 3339 AUDIENS
558 3275 623 3338 ista
646 3274 825 3360 imperator
846 3273 882 3336 in
900 3271 996 3338 cordo
1019 3293 1078 3337 sno
1100 3272 1241 3338 retinuit
1263 3275 1298 3337 et
1320 3283 1533 3364 permaxima

327 3399 471 3442 mensem
487 3399 584 3464 super
606 3375 663 3441 illo
686 3375 858 3452 oonsuluit‚
876 3379 910 3440 et
932 3375 1024 3439 misit
1046 3397 1120 3441 oum
1145 3373 1274 3439 Cadoro
1296 3374 1378 3440 duca
1390 3351 1546 3482 ffisgffl'

328 3480 505 3548 Gornubiae
542 3479 650 3544 filium
683 3477 839 3543 avunculi
878 3477 938 3555 aui,
964 3477 1205 3544 Maximianum
1235 3477 1376 3555 nomino,
1389 3483 1469 3564 into·

325 3585 436 3648 virum
473 3581 601 3660 sortem,
635 3580 791 3667 pugilem,
827 3579 992 3658 curialem,
1022 3579 1224 3657 bellicosum,
1259 3577 1317 3644 ot⁸
1338 3551 1496 3644 utnnm'

327 3687 396 3771 ipse
419 3684 571 3751 ancillam
603 3683 695 3748 illam
727 3681 954 3748 Britannicam
977 3703 1051 3748 oum
1074 3703 1175 3769 regno
1198 3680 1380 3769 possideret

328 3809 372 3852 ex
394 3788 481 3853 dono
502 3783 721 3872 imperatoria

373 3887 520 3956 Oadoruo
542 3893 654 3953 autom
677 3885 888 3952 voluntatem
917 3886 1127 3973 imperatorio
1150 3885 1322 3973 perficiens
1343 3885 1379 3950 in

328 3992 464 4058 civitate
486 3990 728 4056 Trinouantum
757 3988 847 4054 infra
876 3988 1029 4054 undeoim
1060 3987 1129 4054 dios
1159 3989 1202 4054 ab
1233 3987 1380 4054 eventu⁹

327 4095 459 4160 illorum
482 4093 577 4160 venit
589 4089 615 4128 ¹⁰
631 4093 673 4158 de
698 4091 804 4157 Roma
827 4091 869 4156 ad
893 4089 1113 4158 Britanniam.

362 4389 489 4457 'moriad
507 4389 626 4442 maximo.
659 4389 691 4442 B.
907 4401 1057 4468 ‘Tratenj
1077 4395 1199 4457 Tnlrerfi.
1233 4405 1264 4456 R

362 4472 477 4580 :amp
494 4485 558 4522 ⁸⁰¹¹*
593 4469 630 4562 B‘.
910 4493 1028 4561 ηοω]
1048 4495 1162 4546 nomam„
1195 4497 1230 4548 o.

388 4549 519 4616 Οοὲαυιιις]
540 4541 701 4602 octauum.
736 4547 799 4600 Β.Ῑ).
910 4600 920 4630 ⁸

364 4627 472 4693 ⁴Freto]
490 4627 588 4680 Fretum
624 4626 691 4678 Β.Ῑ).
931 4599 968 4665 ²⁸]
987 4613 1036 4650 ⁰¹¹¹·
1070 4597 1136 4653 B·1)·

364 4705 507 4771 mcum]
539 4707 654 4760 Oetouio.
688 4705 724 4758 A.
757 4705 834 4758 Octa·
910 4691 1028 4757 'comm
1047 4692 1163 4744 adventa
1197 4691 1262 4742 Β.Ῑ).

331 4784 428 4836 vianna.
463 4783 529 4836 Β.Ῑ).
913 4783 932 4812 ¹⁴
943 4783 1021 4848 venit]
1041 4783 1179 4835 interlined
1191 4783 1216 4833 in
1229 4785 1262 4836 A.
