3696 5794
615 855 798 906 eunocum
820 856 1070 910 nrsronnenuu.
1296 851 1360 913 145

314 1027 368 1094 Ibi
397 1029 586 1116 frequenter
619 1029 662 1095 ab
696 1028 861 1117 indigenis
891 1030 1050 1096 videntur
1081 1030 1189 1096 enim¹
1222 1033 1262 1100 de
1286 1034 1362 1099 die2
1377 1045 1465 1097 orne

310 1132 458 1196 homines
489 1133 579 1218 prius
608 1132 731 1198 mortui
762 1137 798 1197 et
820 1133 999 1220 decepiteti
1021 1134 1198 1214 ambulare,
1230 1140 1265 1200 et
1288 1113 1489 1242 ⁰⁰¹¹·lijaieli1t
1502 1186 1528 1229 to

311 1234 475 1320 speetibus
513 1234 688 1300 vivorum³
726 1235 926 1301 sensibiliter
963 1259 1119 1323 apparere
1131 1262 1140 1315 3
1176 1241 1216 1302 ut
1250 1243 1362 1304 autem
1375 1247 1481 1297 Britain·

311 1335 503 1423 alienigenae
525 1341 560 1402 et
594 1335 772 1402 adventitii
806 1337 876 1404 haec
908 1338 1022 1404 videre
1056 1339 1194 1425 possint,
1228 1347 1359 1426 ponunt

311 1438 427 1524 pedem
460 1460 556 1506 suum
589 1461 687 1526 super
717 1439 816 1526 pedes
849 1441 1031 1506 incolarum
1065 1446 1100 1507 ct
1131 1447 1213 1507 tunc
1246 1444 1362 1510 vident
1375 1450 1491 1502 Besae.

310 1541 367 1605 illa
388 1539 522 1606 nefaria.
569 1541 652 1608 Haec
674 1541 783 1609 insula
812 1543 855 1608 ab
876 1543 975 1610 initio
997 1567 1018 1611 a
1045 1543 1235 1614 Scottorum
1259 1552 1359 1633 gente
1375 1523 1398 1570 ²·
1410 1519 1444 1568 A.

312 1642 420 1708 fuerat
449 1643 647 1710 inhabitata.

355 1744 521 1812 Thanstos
550 1746 660 1812 insula
688 1745 790 1832 juxta
821 1745 988 1828 (lanciam,
1012 1747 1058 1814 sic
1088 1749 1178 1815 dicta
1204 1772 1225 1815 a
1255 1756 1361 1818 morte

311 1848 520 1934 serpentium,
559 1869 640 1934 quos
678 1848 757 1915 dum
793 1849 866 1936 ipsa
903 1850 1029 1915 nesciat
1073 1855 1189 1918 tamen
1227 1854 1360 1920 aliunde

311 1954 518 2036 asportantes
539 1972 667 2016 vermes
689 1949 883 2016 interimit.⁴
929 1951 1034 2018 Gleba
1054 1954 1235 2040 plurimum
1258 1956 1359 2035 ferax,

311 2053 444 2117 uberem
467 2053 612 2118 creditur
633 2055 836 2119 contraxisse
859 2055 1123 2122 benedictionem
1149 2058 1187 2121 in
1210 2058 1361 2125 adventu

312 2154 406 2220 Beati
436 2154 616 2242 Augustini
652 2156 906 2242 proto-doctoris
936 2157 1069 2245 Angliae
1099 2157 1222 2225 ibidem
1255 2161 1359 2247 appli-

313 2257 424 2324 cando.

600 2599 603 2608 '
686 2592 765 2661 Gur.
791 2593 981 2661 CLXVIII.

500 2795 551 2862 De
576 2793 718 2862 Platae
743 2796 929 2882 chcla'bcs
955 2796 1160 2864 Britannice.

359 2998 562 3066 Duuwnnno
579 3000 825 3078 Monuuucrus,
841 3019 901 3064 rex
917 2997 1093 3064 Britonum
1108 2999 1283 3066 vicesimus
1297 3005 1364 3066 ter·
1378 3010 1532 3064 ottheson

314 3102 381 3168 tius
410 3102 468 3168 sed
507 3102 633 3189 primus
671 3101 794 3188 legifer,
825 3100 914 3166 inter
950 3107 1069 3168 caetera
1107 3102 1288 3189 splendoris
1313 3079 1530 3196 fillffiiiliiil

314 3210 477 3292 praecepta
506 3205 626 3272 statuit
655 3209 695 3270 ut
725 3209 835 3269 aratra
867 3203 1027 3282 colonum,
1059 3205 1184 3291 templa
1221 3205 1365 3286 deorum,

314 3307 379 3373 vise
400 3307 499 3394 regim
523 3309 567 3373 ad
598 3308 752 3373 civitates
783 3306 940 3372 ducentes
971 3306 1183 3372 immunitate
1220 3307 1365 3394 confugii

313 3410 502 3496 gauderent,
542 3410 592 3474 ita
627 3414 668 3476 ut
704 3408 816 3475 nullus
851 3429 927 3474 reus
964 3409 1008 3474 ad
1040 3409 1106 3475 ista
1134 3430 1194 3496 pro
1223 3401 1366 3474 tuitione

313 3512 503 3602 confugiens
532 3535 591 3600 per
629 3533 827 3599 quemquam
864 3509 1099 3592 invaderetur;
1135 3517 1365 3578 verumtamen

314 3615 393 3702 quia
423 3616 619 3702 procedente
657 3619 803 3702 tempore
833 3614 873 3680 de
903 3611 967 3678 viis
997 3613 1170 3700 regalibus,
1194 3636 1269 3680 cum
1298 3634 1366 3679 non

315 3723 424 3786 essent
446 3718 544 3783 certis
566 3717 731 3784 limitibus
755 3717 931 3797 distincte,
955 3720 1031 3781 orta
1051 3720 1101 3782 est
1123 3716 1288 3784 dissensio.

361 3817 518 3885 Belinus⁵
550 3841 639 3902 vere,
669 3819 759 3884 filius
795 3818 989 3884 Molmuncii
1025 3818 1185 3905 praedicti
1216 3820 1259 3884 ad
1289 3818 1365 3884 sub·
1470 3889 1475 3899 ¹

315 3923 499 3992 ducendum
524 3945 620 3990 omne
643 3923 843 4012 ambiguum,
860 3926 1004 4008 quatuor
1025 3921 1150 4008 regales
1173 3921 1268 3988 vias⁰
1292 3943 1366 3987 cum

315 4026 489 4114 privilegio
512 4023 682 4094 munitas⁷
706 4047 764 4112 per
794 4025 937 4090 insulam
960 4023 1065 4090 sterni
1087 4023 1171 4089 fecit.
1219 4024 1367 4105 Quarum

316 4129 444 4195 viarum
467 4128 573 4216 prima
596 4133 631 4194 et
660 4128 807 4193 maxima
834 4126 957 4192 dicitur
981 4125 1105 4205 Fossa,⁸
1120 4127 1162 4192 ab
1185 4125 1309 4192 Austro
1331 4127 1367 4190 in
1381 4133 1534 4186 Thermae.

351 4456 445 4522 ἐπίῃ]
464 4473 515 4508 om.
548 4457 613 4508 nl).
903 4451 1041 4518 ‘Bellum
1060 4453 1235 4504 ‘B'omitted
1246 4455 1272 4504 in
1284 4453 1317 4505 D.

349 4535 422 4605 ἰῶ]
441 4536 468 4586 in
479 4535 555 4587 diem.
572 4537 628 4587 add.
640 4535 705 4587 B.D.
903 4533 1000 4598 ‘vias.]
1037 4531 1174 4582 Intcrlined
1186 4532 1214 4582 in
1224 4533 1256 4582 B.

349 4615 488 4682 'eicmum]
508 4615 629 4667 virorum.
663 4615 728 4665 B.D.
903 4611 1040 4676 'muniean
1061 4612 1210 4661 emunitatis.
1245 4611 1311 4661 B.D.

350 4695 500 4762 ‘interimiq
528 4689 680 4746 enarrator
708 4688 818 4745 interiiit
903 4691 1007 4740 'Fosse
1025 4690 1052 4739 in
1070 4705 1149 4754 marg.
1166 4689 1236 4740 A-D.

317 4772 348 4826 B.

406 4871 486 4920 ΥΟΕ.
512 4869 552 4924 11.
1216 4863 1243 4910 K
