3590 5844
409 821 475 887 364
708 831 889 886 succursu
911 829 1159 884 smromraurr.

832 1173 912 1241 Car.
936 1173 1038 1240 LXX.

354 1428 364 1440 -
457 1380 703 1448 Oousrau'rlrto
725 1381 828 1469 igitur
857 1379 1017 1470 insignito
1039 1379 1292 1446 insurrexerunt
1313 1377 1464 1445 Saxones

255 1471 294 1521 ’θ
319 1487 362 1521 ¹¹·
410 1489 446 1550 et
468 1485 534 1551 duo
556 1484 617 1550 lilii
642 1483 817 1562 Mordredi‚
841 1505 901 1550 nec
923 1483 960 1548 in
982 1505 1058 1550 eum
1081 1483 1249 1570 prevalere
1271 1482 1461 1568 quiverunt,

315 1577 321 1589 '
410 1587 468 1652 sed
502 1593 577 1674 post
609 1587 752 1674 plurima
784 1583 871 1652 belle
905 1583 1110 1674 diffugiendo
1147 1607 1234 1650 unus
1272 1583 1464 1650 Iaondonias

410 1689 495 1755 alter
540 1689 760 1776 Wyntcniam
799 1687 963 1776 ingressus
1000 1709 1055 1754 eas
1092 1687 1244 1754 obtinere
1283 1691 1462 1774 eoeperunt

411 1790 504 1857 Tunc
526 1791 702 1858 defunctus
733 1793 784 1857 est
806 1789 948 1856 Sanctus
971 1788 1094 1856 Daniel
1117 1787 1381 1878 Bangomensis¹
1409 1810 1463 1853 ec·

411 1893 518 1960 clesiae
542 1893 692 1960 antistes.
740 1892 833 1958 Tunc
864 1893 950 1960 obiit
985 1893 1213 1958 sanctissimus
1236 1891 1340 1958 Urbis
1364 1891 1461 1978 Legi·

410 2017 511 2062 onum
534 1995 793 2084 archiepiscopus
816 1995 927 2062 David
958 1995 994 2060 in
1018 1995 1172 2062 Menenia
1194 1995 1330 2062 civitate
1352 1991 1463 2058 infm²

410 2098 580 2164 abbatiam
603 2121 704 2176 suam,
721 2120 819 2185 quam
836 2119 905 2186 prae
928 2098 1055 2165 caeteris
1070 2119 1138 2164 sure
1161 2097 1310 2164 dioecesis
1332 2117 1462 2162 monas-

411 2201 528 2268 teriis³
544 2201 715 2280 dilexerat,
739 2201 819 2288 quia
834 2201 958 2268 Beatus
974 2200 1136 2267 Patricius
1151 2200 1210 2288 qui
1232 2197 1463 2266 nativitatem*

411 2301 689 2392 prophetaverat⁶
712 2305 819 2392 ipsam
841 2303 1005 2370 fundavit.
1051 2303 1141 2370 Dum
1164 2303 1253 2370 enim
1274 2302 1365 2391 apud
1386 2323 1465 2368 con·

411 2407 529 2474 fratres
560 2429 635 2474 suos
666 2428 792 2473 moram
824 2405 946 2474 feceret
979 2407 1093 2472 subito
1122 2405 1282 2495 languore
1303 2409 1464 2494 gravatus

410 2509 585 2576 defimetus
607 2515 667 2590 est,
692 2513 728 2576 et
746 2509 888 2597 jubente
912 2509 1089 2597 Mangone,
1107 2508 1352 2576 Venedetarum
1374 2529 1461 2596 rege,

410 2611 446 2675 in
469 2613 583 2678 eadem
606 2612 739 2678 ecclesia
760 2611 924 2700 sepelitur.

456 2712 520 2778 Pro
542 2735 581 2779 eo
604 2715 741 2802 ponitur
755 2715 791 2779 in
815 2713 1071 2802 metropolitana
1092 2713 1167 2782 sede
1183 2713 1342 2802 Kynocus
1366 2711 1463 2778 Laru-

410 2816 615 2902 paternensis
637 2815 780 2883 eeclesiae
798 2817 948 2898 antistes,
963 2821 999 2882 et
1019 2817 1063 2882 ad
1078 2815 1230 2884 altiorem
1245 2811 1463 2904 dignitatem⁶

410 2922 589 3004 premetur.

455 3019 504 3086 At
527 3019 767 3088 Constantinus
789 3019 957 3090 insecutus
979 3025 1030 3088 est
1053 3021 1201 3088 mones
1223 3025 1259 3088 et
1280 3041 1335 3088 cos
1356 3026 1464 3109 potes-

410 3122 474 3189 tati
496 3144 565 3190 suae
587 3123 789 3213 subjugavit,
815 3129 850 3190 et
874 3123 1049 3212 praedictas
1066 3123 1219 3190 civitates
1241 3125 1336 3212 cepit,
1360 3128 1395 3190 et
1417 3123 1464 3188 al·

410 3231 519 3292 lerum
548 3227 708 3313 juvenem
732 3225 926 3313 Wyntoniae
948 3227 984 3292 iu
1018 3226 1153 3294 ecelesia
1187 3227 1301 3294 Sancti
1324 3225 1463 3314 Amphi-

409 3327 477 3394 bali
510 3328 740 3418 diffugientsm
775 3335 854 3399 ante
886 3329 991 3396 altare
1025 3329 1207 3396 trucidavit
1219 3353 1229 3412 3
1259 3329 1361 3395 alium
1384 3351 1465 3394 vero
1515 3317 1518 3326 ¹

413 3431 593 3498 Lendoniie
615 3433 652 3498 in
674 3433 883 3520 quorundam
899 3433 1040 3498 fratrum
1062 3433 1209 3499 coeuobio
1224 3431 1463 3512 absconditum,

412 3537 447 3599 et
469 3535 604 3601 tandem
621 3533 726 3622 juxta
747 3535 851 3602 altare
865 3533 1050 3618 inventum,
1066 3533 1190 3602 crudeli
1204 3541 1312 3602 morte
1333 3533 1444 3600 affecit
1454 3557 1466 3614 ;

412 3642 447 3702 et
469 3637 540 3724 ipse
563 3635 599 3702 in
621 3637 723 3704 tertio
737 3659 826 3704 anno
848 3660 870 3704 a
885 3638 1022 3706 Gonane
1044 3645 1166 3725 nepote
1188 3660 1248 3704 suo
1270 3635 1464 3704 interfectus

413 3743 473 3820 est,
496 3745 531 3806 et
548 3739 651 3826 juxta
661 3739 964 3828 Utherpendragon
985 3741 1073 3808 inlra
1094 3741 1243 3828 lapidum
1264 3745 1464 3808 structuram

413 3839 587 3929 sepultus‚⁷
610 3865 684 3930 quae
706 3843 798 3909 haud
820 3841 1019 3910 minimum⁸
1041 3843 1085 3910 ab
1105 3841 1358 3910 Ambrosbiria⁰
1379 3844 1465 3910 mira

411 3952 484 4012 arte
507 3945 698 4033 composita,
721 3945 838 4036 lingua
860 3945 1028 4016 Sexenicc
1050 3945 1224 4034 Stonheng
1245 3952 1464 4034 nuncupatur.

446 4369 874 4439 'BanpemacieJBangorniemis
884 4373 915 4426 B.
994 4372 1209 4444 *malama
1233 4375 1393 4443 prcplreu⁰at
1428 4377 1464 4430 Δ.

444 4452 574 4504 ’suom
590 4451 682 4513 David.
700 4452 808 4504 Sanam
823 4451 916 4504 Daniel
994 4453 1170 4523 ‘diatritum
1189 4463 1233 4508 eet
1252 4459 1308 4509 adt
1343 4459 1407 4509 BD.

411 4529 728 4599 archiepiscopiinmarg.
762 4531 831 4584 An.
994 4533 1132 4601 'reperim
1151 4543 1292 4602 estproem.
1326 4538 1357 4588 B.

445 4611 628 4678 'meter-Q
648 4626 697 4662 om.
730 4611 762 4662 B.
993 4614 1144 4681 ἀιἰιίπιιοι]
1162 4616 1245 4683 lange.
1279 4617 1345 4668 nt).

444 4689 629 4757 munimem]
657 4707 735 4744 mum.
758 4692 815 4744 auu
848 4689 914 4743 Bt).
992 4691 1195 4762 'Amtreetirirfl
1213 4695 1404 4748 Amtrmturta
1432 4698 1464 4750 B.

411 4769 548 4824 interlined
567 4769 595 4820 in
604 4769 634 4821 B.
960 4769 993 4820 D.
