3590 5844
563 873 747 924 aunocrrnr
769 873 1017 924 maronianum
1244 861 1309 924 359

259 1045 346 1110 sulca
371 1051 407 1112 et
438 1067 594 1133 proceres,
618 1053 658 1113 ut
688 1053 887 1135 praeceperat
909 1045 1084 1125 Arthurua
1108 1047 1152 1112 ad
1183 1046 1310 1112 vicinas
1323 1075 1451 1127 phem..

259 1147 412 1214 abbatias
441 1149 543 1214 delati
573 1155 658 1216 sunt.
717 1149 839 1216 Hostes
869 1144 999 1236 quoque
1029 1169 1105 1214 suos
1134 1143 1420 1258 miseratusffirof

259 1250 416 1338 praecepit
444 1250 611 1338 indigenis
642 1252 717 1318 iilos
738 1253 882 1340 sepelire,
906 1274 1023 1340 corpus
1046 1273 1125 1318 vero
1150 1250 1244 1316 Lucii
1266 1250 1310 1315 ad
1323 1226 1427 1328 Arrius.

258 1360 409 1420 senatum
431 1354 576 1434 deferre,l
594 1355 755 1422 mandans
777 1377 845 1422 non
867 1355 986 1422 debere
1008 1353 1129 1422 alium'
1143 1353 1310 1422 tributum

258 1458 299 1523 dc
323 1456 498 1524 Britannia
519 1456 639 1524 deferri
661 1459 715 1524 vel
737 1457 841 1526 reddi.

303 1559 451 1626 Deinde⁸
473 1566 549 1648 post
571 1560 823 1648 subsequentem
845 1561 998 1646 hyemem
1013 1561 1050 1626 in
1071 1559 1221 1646 partibus
1243 1557 1309 1624 illis

258 1668 405 1729 moratus
436 1667 495 1742 est,
528 1667 563 1730 et
595 1653 747 1730 civitates
783 1663 1001 1752 Allobrogum
1038 1662 1213 1750 subjugare
1252 1684 1311 1728 va·

258 1765 355 1832 cavit
400 1765 612 1832 Adveniente
645 1787 724 1832 vero
756 1771 871 1832 aestate
903 1766 984 1832 dum
1019 1766 1161 1832 Romam
1192 1771 1305 1854 petere

257 1869 425 1938 affectaret
450 1873 486 1936 et
515 1871 645 1936 montes
664 1869 895 1936 transcendere
918 1868 1101 1956 incepisset,
1126 1869 1305 1935 nuntiatur

257 1973 287 2038 ei
311 1971 524 2038 Mordredum
548 1978 703 2059 nepotem
726 1993 833 2053 suum,
857 1971 950 2058 cujus
972 1972 1089 2038 tutelae
1111 1973 1306 2058 permiserat

216 2067 219 2074 ’
258 2077 478 2158 Britanniam,
516 2076 661 2163 ejusdem
700 2075 887 2142 diedemate
924 2096 984 2160 per
1020 2075 1234 2162 tyrannidem
1272 2080 1307 2138 et

256 2179 476 2266 proditionem
505 2179 702 2266 insignitum
725 2200 802 2258 esse,
825 2179 1039 2266 reginamque
1063 2177 1310 2244 Ganhumaram

256 2283 382 2348 violato
407 2283 484 2370 jure
513 2283 695 2368 primarum
732 2283 925 2370 nuptiarum
962 2280 1129 2368 ejusdem⁴
1165 2279 1308 2346 nefanda

257 2385 385 2450 Venere
407 2384 597 2472 copulatum
620 2382 744 2450 fuisse.⁵

677 2725 756 2792 ΟΔΡ.
782 2725 903 2790 LXIX.

304 2941 380 3010 Dn⁰
399 2943 460 3010 hoc
481 2943 623 3030 quidem,
640 2943 754 3010 consul
776 2949 924 3032 auguste,
942 2943 1122 3010 (teufridus
1139 2945 1313 3012 Munemu-

258 3047 360 3112 tensis
381 3045 534 3133 [tacebit]
546 3041 572 3124 3⁷
586 3045 644 3110 sed
666 3051 706 3110 ut
726 3045 762 3110 in
784 3045 922 3132 praefato
945 3045 1138 3114 Britannico
1161 3070 1309 3116 sermone

259 3149 390 3216 invenit
412 3153 448 3214 et
470 3169 491 3214 a
512 3145 671 3214 Galtero⁸
695 3147 937 3216 Oxenfcrdensi
967 3150 1005 3214 in
1027 3151 1142 3215 multis
1165 3151 1313 3218 historiis

131 3257 136 3268 '
261 3251 459 3340 peritissimo
481 3251 554 3316 viro
576 3249 718 3332 audivit,
741 3249 802 3315 viii
824 3249 902 3316 licet
924 3251 1013 3340 stylo
1034 3257 1148 3318 tamen
1167 3253 1314 3320 breviter

260 3353 456 3443 propalabat
497 3375 571 3439 quae
611 3351 730 3440 proelia
770 3351 916 3440 inclytus
957 3353 1013 3420 ille
1051 3377 1111 3422 rex
1142 3355 1312 3424 Arthurus

261 3462 338 3547 post
376 3455 550 3524 victoriam
588 3455 687 3521 istam
725 3455 761 3521 in
799 3455 1011 3522 Britanniam
1047 3479 1200 3526 reversus
1237 3482 1312 3526 cum

260 3562 379 3647 nepote
409 3580 469 3624 suo
500 3557 712 3626 commiserat
771 3556 823 3624 Ut
852 3558 958 3646 igitur
988 3559 1125 3626 infamia
1161 3583 1313 3650 praenun-

171 3676 174 3682 ’
260 3661 359 3728 tieti⁰
396 3660 525 3728 sceleris
568 3683 664 3728 aures
706 3659 810 3750 ipsius
851 3662 968 3750 attigit
1008 3665 1166 3730 continuo
1208 3665 1313 3732 dilata
1404 3662 1408 3668 ’

259 3763 502 3852 inquietatione
532 3785 632 3851 quam
663 3763 766 3830 Leoni
796 3763 867 3852 regi
906 3763 1129 3833 Romanorum
1165 3767 1312 3858 ingerere

261 3867 483 3948 affectaverat,
514 3867 648 3933 dimisso
679 3866 787 3933 Hoelo
814 3863 895 3932 duce
920 3867 1207 3936 Armoricancnrm
1237 3893 1312 3938 cum

260 3970 407 4039 exercitu
424 3969 606 4038 Galliarum
629 3973 670 4036 ut
691 3973 802 4058 partes
825 3969 898 4036 illas
921 3971 1115 4058 pacificaret,
1140 3973 1312 4042 confestim

698 4173 817 4180 ....-.—.
847 4175 991 4184 --υ

294 4285 422 4389 asae]
441 4319 540 4372 cesena
562 4319 595 4371 n.
623 4319 664 4369 ne
675 4319 761 4370 Lucio.
841 4307 918 4376 ⁶0e]
939 4308 1000 4362 Nee
1035 4313 1098 4364 nn.

260 4404 378 4470 inmffl'ss·
412 4401 445 4453 Α·
841 4415 1068 4486 wammam]
1102 4419 1309 4471 Moncmutensis.

293 4482 401 4592 ζῴη]
420 4481 508 4570 ειὶὶιιά.Ι
530 4477 594 4528 RD·
808 4511 838 4561 Β,
861 4510 1068 4564 Monumetensis.
1087 4513 1120 4562 D.
1141 4513 1241 4565 tacebit.
1253 4513 1310 4563 add

314 4561 424 4626 neae]
442 4559 565 4624 nemque.
602 4555 666 4606 RD·
808 4589 871 4640 nn.

294 4637 759 4785 :ffffissfflds‘ffgfflss‘ffopm
840 4683 977 4751 *caram
998 4685 1116 4738 waltero.
1150 4687 1215 4738 an.

260 4801 342 4852 fuisse.
376 4798 407 4848 B.
441 4796 581 4860 copulatam
589 4807 650 4845 esce.
684 4787 720 4842 D?
841 4791 1036 4857 ’ρνωιιιηείατῆ
1055 4793 1160 4855 praec.
1194 4793 1259 4844 B.D.

306 4893 382 4947 von.
400 4893 437 4944 ΙΙ,
1091 4891 1111 4938 Ζ
1133 4879 1153 4938 4
1178 4902 1216 4938 4-
