3696 5794
438 876 502 940 140
736 885 919 938 nunoowr
942 885 1193 938 meronnmmr

280 1083 433 1136 munnio.
446 1082 549 1138 arum,
583 1061 673 1128 diota
709 1063 760 1126 eet
790 1059 914 1148 Anglia
943 1059 1022 1146 quia
1061 1060 1096 1126 in
1126 1059 1214 1126 orbis
1243 1057 1364 1146 angulo
1398 1060 1493 1126 sita¹

280 1149 400 1270 ffiffl
447 1163 570 1251 Anglia
609 1163 688 1229 olim
727 1163 812 1228 alter
853 1161 942 1228 orbis
981 1161 1171 1240 vocabatur,
1215 1183 1314 1246 quam
1352 1161 1497 1228 Karolus

343 1254 350 1268 ’
447 1266 589 1353 Magnus
627 1265 812 1332 eameram³
849 1286 943 1330 enam
973 1287 1042 1352 prae
1072 1265 1163 1330 omni
1201 1263 1364 1330 bonorum
1401 1265 1498 1354 eopia

447 1368 586 1435 vocavit.

279 1505 385 1558 Plinius.
491 1471 586 1538 Siout
620 1469 731 1536 Gallia
761 1469 979 1548 Britanniam,
1012 1469 1059 1536 eio
1091 1469 1267 1537 Britannia
1297 1469 1497 1536 Hiberniam

280 1575 349 1626 Ab.
446 1574 551 1642 vineit
583 1573 759 1640 serenitate
796 1573 854 1638 sed
884 1595 952 1638 non
998 1572 1218 1653 salubritate3
1254 1573 1357 1640 babet
1394 1575 1497 1640 etiam

447 1677 516 1743 heae
538 1676 648 1743 insula
673 1697 775 1742 venae
798 1675 1015 1755 metallorum,
1039 1675 1124 1756 aeria,
1149 1675 1237 1757 ferri,
1264 1673 1414 1758 stanni,³
1443 1675 1499 1743 et⁴

445 1779 573 1866 plumbi
603 1783 638 1846 et
659 1779 760 1844 etiam
783 1777 922 1866 argenti.
980 1777 1024 1842 In
1055 1801 1122 1864 qua
1154 1779 1256 1844 etiam
1279 1778 1342 1844 sub
1377 1779 1498 1844 cortice

446 1883 507 1948 ooli
538 1883 712 1948 inventum
746 1886 798 1947 est
831 1903 934 1970 genus
956 1885 1053 1948 terrae
1080 1881 1169 1967 quod
1195 1879 1347 1948 otorlam
1369 1886 1499 1962 vooant,

446 2007 521 2070 quae
564 2006 661 2072 super
707 1989 830 2049 terram
879 1982 1024 2070 sparsa,⁵
1064 1983 1250 2050 foeeundior
1291 1989 1326 2050 et
1367 1983 1499 2050 uberior

445 2087 603 2167 redditur,
628 2094 662 2154 et
684 2087 811 2154 eunetis
833 2087 1013 2152 seminibus
1035 2087 1144 2174 aptior
1166 2087 1334 2174 reperitur.
1381 2085 1500 2174 Gignit

326 2209 352 2258 in
445 2190 516 2258 haec
537 2189 647 2256 insula
667 2189 811 2276 lapidem
833 2194 996 2276 gagatem,
1020 2189 1114 2276 eujus
1137 2189 1277 2256 colorem
1300 2190 1329 2255 si
1354 2191 1499 2276 requiras

310 2314 314 2324 ·
343 2313 349 2326 ·
446 2294 540 2386 niger
572 2292 736 2380 genuinus
778 2295 849 2373 est;
891 2291 920 2356 si
961 2295 1126 2370 naturam,
1165 2315 1252 2378 aqua
1281 2291 1385 2370 ardet,
1430 2293 1500 2358 oleo

445 2396 676 2483 extinguitur3
698 2394 726 2460 si
749 2397 957 2481 potestatem,
985 2393 1108 2460 attritu
1137 2395 1314 2463 calefactus
1336 2395 1502 2482 applicata

446 2499 595 2579 detinet;
640 2497 669 2563 ei
702 2495 909 2578 beneficium,
944 2495 1134 2584 hydropicis
1171 2495 1269 2562 eom⁰
1307 2497 1501 2586 potantibus

445 2603 623 2667 sanitatem
646 2599 781 2666 confert.
829 2597 986 2664 Inoeneus
1017 2599 1060 2664 ab
1095 2599 1173 2688 igne
1207 2605 1375 2688 serpentes
1397 2599 1500 2688 fugat,

445 2710 480 2770 et
502 2701 713 2790 portantibus
737 2702 925 2768 damonum
954 2701 1092 2768 insidiae
1123 2703 1282 2789 reprimit.

491 2805 545 2870 Ibi
576 2827 655 2872 oves
684 2804 849 2891 lanigera,
883 2802 1026 2869 ferarum
1054 2808 1089 2870 et
1112 2825 1283 2870 nervorum
1308 2805 1503 2887 multitudo,

445 2909 540 2996 pauci
563 2909 642 2995 lupi,
666 2904 826 2993 ideoque⁷
849 2928 927 2972 ovea
953 2906 990 2970 in
1012 2906 1115 2972 oaulie
1141 2906 1231 2973 tuti⁸
1252 2908 1324 2975 eine
1351 2908 1502 2974 custodia

446 3011 686 3098 relinquuntur.
747 3009 809 3075 Eat
838 3007 887 3074 ibi
912 3007 1053 3096 argilla⁰
1093 3009 1170 3076 alba
1207 3015 1242 3077 et
1280 3009 1391 3092 rubea,
1405 3009 1429 3048 ¹⁰
1458 3010 1502 3076 ad

446 3113 706 3200 componendum
736 3133 816 3178 vasa
838 3112 956 3178 fictilia
978 3117 1013 3178 et
1037 3112 1160 3200 tegulis
1183 3113 1352 3200 tingendis
1378 3099 1501 3180 aeeom·

447 3215 580 3283 moda¹¹
628 3216 781 3302 Denique
802 3215 913 3280 lanam
937 3214 1008 3301 ejus
1031 3215 1118 3282 zelat
1143 3215 1309 3294 Flandn'a,
1341 3216 1429 3284 ooria
1468 3222 1504 3282 et

446 3320 547 3408 pelles
587 3319 804 3400 Nonuannia,
842 3318 967 3384 ferrum
1007 3322 1041 3384 et
1080 3317 1252 3404 plumbum
1282 3323 1317 3385 et
1346 3325 1503 3386 stannum

447 3423 632 3506 Waeconia,
672 3423 815 3488 minema
849 3425 884 3486 et
922 3419 1007 3486 sales
1046 3419 1220 3503 Hibernia,
1259 3426 1379 3488 catera
1416 3423 1504 3488 bona

447 3526 518 3614 ejus
540 3527 694 3593 univerae
717 3525 793 3592 sitit
815 3524 958 3612 Europa
1004 3521 1104 3590 Unde
1126 3524 1163 3589 in
1185 3525 1299 3592 laudea
1312 3524 1337 3563 ¹³
1369 3526 1503 3612 quidam

447 3629 582 3696 metriee
604 3629 651 3696 sie
673 3629 832 3716 prorupit,
856 3627 991 3693 nomine
1014 3625 1248 3694 Hemiouez-

553 3747 678 3836 Anglia
699 3753 788 3814 terra
810 3745 913 3825 ferax,
937 3748 972 3812 et
994 3744 1116 3812 fertilis
1138 3745 1279 3833 angulus
1301 3746 1400 3826 orbis,

547 3850 672 3938 Anglia
692 3849 792 3937 plena
808 3847 901 3935 jocis,
912 3845 937 3886 ¹³
959 3869 1040 3936 gene
1062 3847 1166 3915 libera
1188 3848 1290 3937 digna
1312 3851 1431 3930 vocari,

484 4132 781 4202 maturantem]
797 4133 950 4186 inorbinn
1036 4145 1114 4214 ⁸1th
1133 4153 1201 4199 tum,
1235 4149 1275 4211 R,
1290 4149 1333 4200 the
1349 4149 1360 4198 ι·
1375 4149 1504 4200 eometed

449 4217 545 4284 gulosa
564 4216 595 4266 B·
612 4214 640 4264 in
651 4214 723 4266 urblfl
734 4215 862 4280 &sulm
879 4215 913 4265 D·
1002 4227 1057 4279 into
1073 4243 1106 4278 an
1118 4243 1131 4278 e
1145 4227 1173 4278 in
1189 4227 1293 4280 blacker
1309 4228 1354 4279 inlr
1371 4229 1433 4281 tlun
1450 4229 1505 4281 that

483 4295 564 4346 'leid
576 4293 675 4360 Angli&
691 4293 797 4346 Omen
811 4293 907 4346 Kffl‘ll·
923 4291 950 4342 ln
1001 4307 1031 4358 of
1038 4308 1081 4358 the
1092 4315 1204 4358 oontext

449 4388 530 4442 marg.
564 4374 595 4426 B.
629 4373 857 4425 inmmebandas
872 4373 951 4425 inter·
1034 4386 1111 4439 ''l'be
1128 4387 1263 4438 dretword
1280 4387 1310 4439 ol*
1323 4387 1424 4441 rav.
1439 4384 1506 4453 (bin)

449 4453 569 4506 marion
579 4454 666 4506 above·
1001 4467 1035 4518 A.
1052 4466 1167 4518 henum:
1185 4467 1226 4518 De
1243 4467 1377 4520 Britannia

483 4533 600 4601 'eamq
619 4531 728 4600 sangui.
761 4532 794 4584 D·
1034 4544 1152 4612 Ιἠιὶὧοιι]
1171 4547 1254 4599 rubra
1287 4547 1321 4598 D.

484 4614 542 4681 Ἢ]
560 4629 609 4665 ona
643 4612 708 4665 RD·
1036 4627 1052 4657 ¹¹
1065 4625 1229 4694 accommodo]
1248 4627 1386 4678 eommoda
1422 4625 1487 4678 B.D.

483 4693 607 4761 ’φακῆ
626 4707 733 4760 nepem.
767 4691 798 4742 B·
1035 4706 1054 4736 ¹²
1064 4703 1161 4771 lauder]
1176 4709 1238 4768 ejus.
1249 4707 1305 4758 add.
1339 4707 1405 4759 BJ).

482 4774 569 4841 ἀνι]
588 4789 654 4825 enm.
688 4773 720 4824 B.
1036 4784 1054 4815 ¹¹
1059 4784 1138 4852 jocio]
1156 4779 1225 4834 loeis.
1260 4785 1504 4851 mueaporde

487 4852 614 4920 ἰ’ᾰωᾳιε]
633 4853 696 4906 ideo.
730 4851 794 4906 RD.
1001 4861 1113 4916 lamed
