3656 5800
523 877 588 940 306
813 891 994 940 uumerus
1017 889 1267 942 srsrosrsnuu.

360 1073 487 1126 Thonis·
523 1067 623 1131 etiam
661 1065 789 1131 fictitiis
826 1065 1030 1131 sermonibus
1067 1087 1149 1152 quos
1186 1069 1302 1130 ornate
1334 1063 1574 1150 componebat;

357 1141 457 1272 fflf
523 1168 654 1234 dicebat
686 1169 787 1234 etiam
821 1191 855 1234 se
899 1189 1065 1254 egressum
1099 1189 1167 1233 esse
1201 1165 1317 1232 firrtim
1351 1165 1418 1230 ab¹
1452 1164 1574 1252 oppido

356 1275 463 1329 Arrhur.
523 1293 582 1336 suo
605 1271 745 1350 obsesso,
769 1277 809 1336 ut
832 1270 896 1336 sibi
918 1277 989 1335 tam
1014 1269 1143 1336 dileetae
1173 1269 1221 1334 rei
1246 1273 1347 1356 atque
1370 1268 1490 1362 oppido
1513 1289 1575 1332 suo

522 1373 717 1460 disponerat,
756 1373 845 1439 unde
877 1373 949 1460 ipsa
980 1373 1113 1438 credula
1138 1371 1224 1436 nihil
1256 1371 1345 1457 quod
1378 1369 1576 1457 poscebatur

522 1475 708 1564 abnegavit
754 1475 912 1562 Concepit
934 1475 1089 1560 quoque⁹
1119 1473 1232 1540 eadem
1255 1479 1353 1540 nocte
1374 1471 1469 1538 illum
1491 1473 1576 1538 eels-

522 1577 701 1644 berrimum
724 1599 833 1664 regem
854 1577 1040 1642 Arthurum
1062 1577 1120 1664 qui
1138 1577 1348 1664 postmodum
1371 1580 1411 1641 ut
1433 1575 1575 1641 celebra-

521 1680 598 1744 bilis
621 1685 715 1758 esset,
738 1680 822 1744 mira
844 1679 1011 1765 probitate
1033 1679 1220 1766 promeruit

567 1781 700 1848 Interea
721 1803 796 1848 cum
818 1787 1021 1868 compertum
1043 1787 1128 1847 esset
1149 1781 1231 1868 pro³
1252 1779 1443 1846 obsidione⁴
1462 1801 1571 1866 regem

521 1904 589 1948 non
615 1885 736 1964 adesse,
761 1883 924 1950 exercitus
956 1883 1142 1950 inconsulte
1176 1905 1277 1970 agens
1310 1903 1421 1948 muros
1442 1883 1573 1948 diruere

521 1991 658 2052 conatur
688 1992 722 2052 et
751 1987 917 2052 obsessum
947 1988 1099 2052 comitem
1122 1987 1165 2050 ad
1187 1984 1364 2072 proelium⁶
1387 2005 1571 2071 provocare,

521 2089 579 2174 qui
611 2089 711 2155 etium
743 2089 928 2154 inconsulte
954 2088 1099 2154 iaciens⁰
1127 2109 1275 2176 egressus
1305 2093 1356 2154 est
1378 2109 1453 2152 curn
1483 2109 1573 2152 com·

520 2192 727 2258 militonibus
749 2191 826 2274 suis,
849 2191 1014 2258 arbitrans
1045 2213 1149 2278 parva
1179 2213 1282 2256 manu
1303 2195 1357 2256 tot
1378 2189 1515 2256 armatis
1536 2211 1573 2254 se

519 2315 612 2381 posse
634 2295 793 2360 resistere.

565 2397 756 2484 Pugnantes
786 2417 864 2484 ergo
897 2397 975 2460 hinc
1005 2399 1040 2460 et
1081 2395 1158 2461 inde
1195 2395 1284 2460 inter
1314 2396 1438 2481 primos
1470 2394 1573 2459 inter-

519 2497 622 2562 fectus
644 2504 695 2562 est
718 2497 840 2578 (lalcis,
862 2505 896 2564 et
918 2498 997 2564 socii
1020 2497 1089 2582 ejus
1112 2497 1261 2584 dissipati
1273 2521 1281 2578 3
1305 2501 1439 2584 ceptum
1462 2495 1572 2561 enim⁷

519 2606 569 2664 est
607 2597 788 2685 oppidum⁸
822 2601 911 2685 quod
943 2599 1148 2678 obsederant,
1185 2605 1219 2664 et
1254 2621 1331 2686 opes
1363 2598 1571 2685 intropositee

518 2723 586 2765 non
615 2724 711 2786 sequa
740 2707 828 2767 sorte
851 2703 966 2767 divisae
990 2701 1091 2767 sunt?
1145 2701 1284 2766 Peracta
1314 2702 1449 2766 tandem
1472 2701 1572 2786 hujus

517 2803 564 2867 rei
588 2805 726 2869 audacia
747 2809 913 2868 venerunt
935 2804 1046 2868 nuntii
1069 2805 1112 2868 ad
1142 2805 1297 2892 Igernam
1320 2803 1379 2888 qui
1401 2808 1436 2868 et
1457 2823 1571 2868 necem

517 2905 609 2969 ducis
646 2911 681 2972 et
718 2905 899 2970 obsidionis
937 2911 1094 2971 eventum
1108 2905 1132 2942 ¹⁰
1170 2906 1370 2984 indicarent;
1407 2906 1464 2970 sed
1494 2927 1570 2970 oum

515 3029 626 3094 regem
663 3009 701 3072 in
728 3008 834 3094 specie
863 3009 1006 3073 consulis
1038 3008 1138 3094 juxta
1172 3031 1245 3074 eam
1274 3008 1416 3073 residere
1438 3009 1569 3094 inspex-

515 3111 654 3189 issent,¹l
693 3111 920 3176 erubescentes
965 3111 1216 3177 admirabantur
1252 3112 1362 3197 ipsum
1399 3131 1495 3197 quem
1533 3112 1570 3176 in

515 3201 685 3280 obsidione
710 3215 922 3279 interfectum
945 3214 1158 3280 deseruerant
1180 3215 1229 3279 its
1258 3215 1455 3280 incolumem
1484 3235 1569 3300 prae-

515 3317 662 3394 venisse;
694 3317 886 3382 nesciebant
915 3316 1005 3380 enim
1036 3336 1109 3401 quae
1140 3317 1382 3380 medicamenta
1407 3315 1569 3382 Merlinus
1810 3311 1811 3406 l

514 3420 707 3486 confecerat.
754 3419 809 3484 Ad
832 3419 914 3484 tales
937 3441 1015 3506 ergo
1037 3439 1183 3483 rumores
1205 3419 1374 3484 arridebat
1397 3441 1455 3484 rex
1469 3425 1570 3504 atque

514 3542 589 3586 cum
611 3523 662 3586 his
684 3523 797 3588 verbis
820 3521 1021 3587 comitissam
1052 3521 1304 3606 amplexabatur
1326 3521 1455 3587 dicens:
1488 3519 1569 3586 Non

514 3625 666 3708 equidem
703 3623 897 3689 interfectus
935 3645 1007 3688 sum
1052 3625 1110 3688 sed
1153 3629 1194 3688 ut
1227 3623 1318 3688 vides
1348 3623 1439 3703 vivo,'
1474 3623 1568 3688 doleo

511 3733 625 3792 tamen
646 3727 758 3813 oppidi
779 3727 844 3792 mei
867 3726 1131 3804 destructionem,
1146 3725 1370 3812 sociorumque
1381 3725 1406 3762 ¹²
1421 3747 1569 3792 meorum

512 3852 648 3911 necem3
679 3829 768 3895 unde
791 3829 888 3894 nobis
914 3829 1088 3895 tinendum
1119 3835 1169 3894 est
1198 3851 1240 3894 ne
1274 3829 1485 3916 superveniat
1506 3851 1567 3896 rex

544 4214 611 4278 ¹ud]
631 4217 669 4265 de.
704 4217 768 4266 B.D.
1092 4217 1187 4282 'enim]
1206 4233 1255 4268 om.
1293 4219 1327 4268 D.

543 4293 667 4358 Ἴων]
696 4309 751 4358 que.
777 4295 842 4345 B.D.
877 4294 1015 4359 conceptio
1091 4295 1238 4363 'oppidamJ
1273 4313 1323 4348 om.
1357 4297 1387 4348 R
1421 4299 1503 4349 sdded
1535 4297 1564 4347 in

510 4369 672 4423 Antonin
689 4387 769 4438 marg.
804 4373 834 4422 B.
1057 4375 1163 4425 another
1172 4375 1248 4426 hand.

541 4449 618 4516 ¹pm]
637 4465 689 4514 per.
723 4451 787 4502 BD.
1089 4454 1179 4520 Ἢν]
1199 4455 1563 4508 ΙητετΙῘιιεᾱίηΜητιιδῐίο.

542 4528 695 4594 ‘absidiam
733 4529 863 4580 obsidioni
898 4533 934 4584 A.
969 4535 1013 4584 ob·
1089 4533 1248 4585 ¹⁰ober'dionia
1259 4537 1377 4602 eventum]
1397 4535 1561 4592 obsidionem.

509 4609 639 4659 sidionem.
672 4610 703 4659 B.
739 4609 878 4658 obsidione.
912 4611 945 4661 D.
1054 4612 1084 4662 B.

540 4688 682 4754 'pralium]
702 4687 796 4753 proelia
831 4689 898 4739 B.D.
1088 4691 1102 4721 ¹¹
1117 4693 1293 4762 inspexissent]
1312 4695 1510 4762 conspexissent
1527 4695 1560 4746 1).

541 4768 669 4836 ’[αοίευ]
688 4785 774 4836 agens
808 4769 843 4820 D.
1089 4771 1291 4842 emmaque]
1311 4775 1436 4828 sociorum
1469 4771 1497 4840 q.
1524 4769 1561 4824 A.
