3674 5800
476 855 519 919 44
772 869 957 922 someron
980 867 1228 921 nrsroaraeuu

309 1050 449 1108 ormana-
474 1041 614 1108 candore
637 1042 757 1130 populi,
778 1043 828 1110 ita
852 1037 1108 1110 Mauritaniam¹
1136 1065 1157 1108 a
1187 1040 1381 1128 nigredine⁹
1402 1061 1523 1106 nomen

308 1125 384 1178 tanis.

474 1145 594 1211 sortita
615 1150 673 1210 est.
712 1144 945 1212 Mauritanioe³
966 1146 1075 1232 prima
1089 1143 1259 1232 provincia
1281 1147 1332 1210 est
1348 1141 1522 1222 Sitifensis,

465 1239 549 1334 'quae
572 1245 694 1314 Sitilen
724 1247 827 1313 habet
857 1247 1023 1335 oppidum,
1050 1270 1071 1313 a
1102 1270 1167 1334 quo
1201 1246 1398 1312 vocabulum
1431 1245 1522 1332 regio

472 1349 612 1417 traxisse
643 1349 841 1437 perhibetur.
902 1349 1113 1416 Mauritania
1146 1347 1354 1416 Oaesariensis
1387 1347 1523 1413 coloniae

473 1451 623 1520 Oaesarea
656 1452 774 1518 civitas
796 1451 872 1534 fuit,
895 1473 937 1518 ex
962 1473 1028 1540 qua
1050 1473 1171 1518 nomen
1193 1449 1374 1538 provinciae
1406 1451 1522 1514 datum

471 1560 530 1622 est
578 1555 740 1641 Utraeque
762 1556 851 1622 enim
876 1554 1056 1643 provinciae
1078 1554 1133 1620 vel
1164 1552 1356 1638 conjunctas,
1378 1551 1423 1618 ab
1448 1551 1522 1618 Ori-

471 1663 547 1724 ente
570 1656 765 1724 Numidiam
787 1655 919 1736 hab'ent,
936 1680 957 1723 a
980 1656 1215 1744 septentrione
1235 1654 1329 1720 blare
1352 1653 1520 1741 Magnum,

471 1761 513 1825 ab
545 1760 670 1827 Occasu
691 1759 817 1826 flumen
848 1760 1007 1839 Mulvam,
1034 1759 1077 1826 ab
1110 1757 1249 1825 Oriente
1284 1757 1437 1823 Mentem
1459 1756 1521 1822 As·

470 1863 609 1944 trinxin,
632 1862 690 1950 qui
714 1861 871 1929 discernit
901 1863 990 1928 inter
1022 1861 1210 1930 foecundam
1236 1864 1360 1926 terram
1386 1864 1421 1925 et
1452 1881 1521 1925 are·

469 1986 530 2030 nas
562 1965 710 2050 jacentes
743 1985 847 2052 usquo
872 1965 1048 2032 Oceanum.
1103 1963 1308 2032 Mauritania
1343 1960 1523 2049 Tingitana

470 2089 491 2131 a
513 2067 613 2154 Tingi
647 2067 718 2154 ejus
750 2065 951 2155 provincias*
983 2066 1159 2154 metropoli
1192 2070 1311 2132 vocata
1342 2069 1402 2142 est,
1430 2063 1522 2150 cujus

470 2167 588 2234 ultima
614 2169 735 2236 Africa
759 2170 907 2257 exsurgit
930 2191 952 2234 a
973 2168 1142 2235 montibus
1163 2172 1297 2256 septem,
1321 2165 1446 2232 babens
1480 2165 1522 2231 ab

471 2271 607 2338 Oriente
629 2273 752 2338 flumen
768 2268 942 2350 Mulvam,⁶
965 2270 1232 2358 aSeptentrione
1255 2270 1393 2336 Fretum
1418 2267 1522 2338 Gadi·

471 2373 613 2452 tanum‚⁶
646 2375 689 2440 ab
721 2373 865 2444 Occiduo
899 2375 1067 2441 Oceanum
1089 2372 1306 2454 Atlanticum,
1333 2395 1354 2438 a
1382 2371 1521 2438 Meridie

471 2477 648 2542 Gaulalum
687 2498 760 2564 quae
789 2482 868 2542 sunt
897 2481 1012 2564 gentes
1049 2498 1155 2564 usque
1185 2476 1228 2542 ad
1266 2476 1434 2543 Oceanum
1472 2495 1521 2540 er·

470 2585 586 2645 rantes.
635 2579 738 2666 Regio
760 2578 818 2644 illa
839 2579 949 2666 gignit
970 2579 1063 2658 feras,
1087 2579 1209 2658 simios,
1230 2600 1333 2657 ursos,
1357 2578 1522 2657 dracones,

469 2687 645 2770 serpentes,
670 2681 881 2762 struthiones,
906 2682 985 2747 olim
1008 2681 1207 2768 elephantes,
1231 2703 1313 2767 quos
1347 2679 1416 2746 sola
1450 2679 1521 2744 Nu-

470 2784 573 2850 midia
617 2784 783 2870 parturit:
828 2805 930 2871 usque
978 2783 1043 2850 huc
1081 2783 1229 2849 Isidorus
1267 2781 1521 2870 Etymologicus.

471 2885 513 2952 In
540 2884 763 2952 Mauritania⁷
786 2891 837 2952 est
859 2885 1022 2952 Ancolum
1046 2907 1136 2972 gens,
1160 2882 1242 2972 qui⁸
1263 2884 1396 2950 habitat
1422 2885 1522 2972 juxta

470 2987 642 3055 Atlantem
676 2987 826 3055 Montem
848 2985 984 3055 versus⁹
1019 2987 1186 3054 Oceanum
1217 2988 1254 3052 in
1292 2987 1362 3053 loco
1392 3007 1521 3052 moroso

469 3091 592 3157 scabris
614 3090 758 3157 fontium
788 3090 923 3179 irrigua,
946 3090 1004 3157 ubi
1027 3095 1145 3178 sponte
1167 3091 1208 3156 de
1230 3095 1319 3156 terra
1330 3087 1355 3127 ¹⁰
1382 3110 1521 3156 nascun-

470 3197 526 3258 tur
548 3193 660 3261 omnia
681 3193 850 3260 fructuum
872 3214 995 3281 genera
1017 3199 1057 3258 ut
1078 3215 1250 3280 nunquam
1277 3191 1413 3259 satietas
1436 3191 1522 3258 desit

470 3295 700 3384 voluptatibus
731 3296 922 3362 incolarum.
968 3295 1030 3360 Est
1062 3300 1175 3362 autem
1208 3295 1264 3361 ille
1297 3295 1387 3361 locus
1416 3295 1521 3362 elatus

469 3419 566 3486 super
598 3398 721 3464 nebula
743 3403 779 3464 et
801 3398 921 3464 circulo
944 3397 1053 3463 lunari
1076 3397 1195 3477 vicina,
1219 3402 1254 3464 et
1276 3397 1392 3464 dicunt
1413 3397 1520 3464 locum

469 3499 565 3566 illum
588 3501 740 3568 noctibus
762 3499 884 3566 micare
915 3499 1039 3566 crebris
1073 3499 1215 3587 ignibus,
1243 3499 1520 3588 AEgyptianorum

469 3625 508 3668 ac
531 3603 741 3690 Satyriorum
763 3598 931 3668 lascivia¹¹
956 3601 992 3668 in
1014 3600 1234 3670 tibicenorum
1264 3625 1302 3668 ae
1334 3603 1521 3669 fistularum

471 3710 572 3770 cantu
598 3726 661 3791 que
685 3710 921 3792 tympanorum
937 3711 972 3771 et
995 3703 1221 3792 cymbalorum
1245 3705 1359 3772 sonitu
1382 3711 1520 3792 perstre-

470 3828 557 3894 pere,
574 3807 659 3872 sicut
680 3807 839 3874 celebrati
854 3813 1004 3874 auctores
1026 3805 1256 3894 prodiderunt.
1297 3807 1457 3875 Oresarnt
1471 3807 1521 3874 ibi

471 3909 604 3976 arbores
626 3931 754 3998 magnas
784 3909 998 3997 proceritatis,
1021 3908 1198 3996 quorum¹⁹
1219 3915 1299 3977 sunt
1320 3931 1419 3998 poma
1443 3911 1522 3977 odo·

505 4285 513 4320 ¹
525 4284 719 4353 Mauritaniam]
733 4285 895 4340 Mauriunia
907 4283 974 4339 B.D.
1044 4283 1235 4354 'Haut-itania]
1249 4283 1355 4339 blancus
1366 4301 1396 4339 or
1407 4285 1519 4340 Mausos.

503 4380 659 4447 vacasses]
677 4379 838 4445 popm-sa
855 4380 921 4432 sn.
1011 4367 1041 4418 Β·

503 4472 702 4540 ’Maedicam
722 4446 806 4528 mul.
840 4473 909 4524 Α.Ι).
1043 4443 1120 4555 :vul
1140 4460 1204 4512 que·
1238 4433 1272 4497 ll.

502 4566 664 4633 ‘reseces
683 4564 819 4630 paena
853 4564 884 4614 s.
1044 4532 1103 4654 ,ᾗ
1111 4523 1265 4670 grem
1279 4525 1394 4656 ff]
1413 4541 1463 4576 om·
1487 4513 1510 4576 Β

501 4657 648 4750 fuam]
667 4657 819 4708 unm.
853 4656 920 4707 RD·
1045 4683 1061 4714 ¹¹
1074 4682 1191 4750 aerea]
1210 4683 1311 4735 ussus
1345 4683 1380 4734 a.

499 4749 687 4816 'Gaditaaaffl
707 4747 874 4802 Gaditarium.
907 4748 937 4799 B·
1044 4763 1184 4830 ”qum-m]
1203 4777 1317 4829 quarum.
1334 4763 1400 4840 1331).
