<?xml version="1.0" encoding="UTF-8"?>
<!DOCTYPE html PUBLIC "-//W3C//DTD XHTML 1.0 Transitional//EN"
    "http://www.w3.org/TR/xhtml1/DTD/xhtml1-transitional.dtd">
<html xmlns="http://www.w3.org/1999/xhtml" xml:lang="en" lang="en">
 <head>
  <title>
</title>
<meta http-equiv="Content-Type" content="text/html;charset=utf-8" />
  <meta name='ocr-system' content='tesseract 3.04.00' />
  <meta name='ocr-capabilities' content='ocr_page ocr_carea ocr_par ocr_line ocrx_word'/>
</head>
<body>
  <div class='ocr_page' id='page_1' title='image "./eulogiumhistori00haydgoog_0462.png"; bbox 0 0 3590 5844; ppageno 0'>
   <div class='ocr_carea' id='block_1_1' title="bbox 462 815 1215 892">
    <p class='ocr_par' dir='ltr' id='par_1_1' title="bbox 462 815 1215 892">
     <span class='ocr_line' id='line_1_1' title="bbox 462 815 1215 892; baseline -0.005 -4"><span class='ocrx_word' id='word_1_1' title='bbox 462 815 528 892; x_wconf 71' lang='lat'>³7⁴</span> <span class='ocrx_word' id='word_1_2' title='bbox 759 829 942 886; x_wconf 85' lang='lat' dir='ltr'>rmoomrr</span> <span class='ocrx_word' id='word_1_3' title='bbox 963 827 1215 885; x_wconf 73' lang='lat' dir='ltr'>marorum</span> 
     </span>
    </p>
   </div>
   <div class='ocr_carea' id='block_1_2' title="bbox 461 1007 1523 3656">
    <p class='ocr_par' dir='ltr' id='par_1_2' title="bbox 461 1007 1523 2024">
     <span class='ocr_line' id='line_1_2' title="bbox 461 1007 1522 1098; baseline -0.002 -22"><span class='ocrx_word' id='word_1_4' title='bbox 461 1007 566 1078; x_wconf 75' lang='lat' dir='ltr'>lroir¹</span> <span class='ocrx_word' id='word_1_5' title='bbox 599 1009 824 1098; x_wconf 77' lang='lat' dir='ltr'>Urgebantur</span> <span class='ocrx_word' id='word_1_6' title='bbox 845 1027 939 1098; x_wconf 73' lang='lat' dir='ltr'>regen</span> <span class='ocrx_word' id='word_1_7' title='bbox 961 1031 1031 1076; x_wconf 89' lang='lat' dir='ltr'>non</span> <span class='ocrx_word' id='word_1_8' title='bbox 1054 1015 1190 1098; x_wconf 87' lang='lat' dir='ltr'>propter</span> <span class='ocrx_word' id='word_1_9' title='bbox 1211 1007 1320 1074; x_wconf 87' lang='lat' dir='ltr'>Deum</span> <span class='ocrx_word' id='word_1_10' title='bbox 1344 1009 1402 1076; x_wconf 80' lang='lat' dir='ltr'>aed</span> <span class='ocrx_word' id='word_1_11' title='bbox 1424 1009 1522 1098; x_wconf 87' lang='lat' dir='ltr'>qnod</span> 
     </span>
     <span class='ocr_line' id='line_1_3' title="bbox 461 1109 1523 1202; baseline -0.005 -20"><span class='ocrx_word' id='word_1_12' title='bbox 461 1135 529 1202; x_wconf 80' lang='lat' dir='ltr'>prae</span> <span class='ocrx_word' id='word_1_13' title='bbox 559 1113 687 1180; x_wconf 75' lang='lat' dir='ltr'>rororis</span> <span class='ocrx_word' id='word_1_14' title='bbox 716 1113 912 1180; x_wconf 79' lang='lat' dir='ltr'>crudeliores</span> <span class='ocrx_word' id='word_1_15' title='bbox 950 1117 1130 1180; x_wconf 67' lang='lat' dir='ltr'>exstarent</span> <span class='ocrx_word' id='word_1_16' title='bbox 1177 1109 1215 1179; x_wconf 85' lang='lat' dir='ltr'>Si</span> <span class='ocrx_word' id='word_1_17' title='bbox 1248 1112 1322 1198; x_wconf 80' lang='lat' dir='ltr'>quie</span> <span class='ocrx_word' id='word_1_18' title='bbox 1352 1131 1430 1179; x_wconf 84' lang='lat' dir='ltr'>vero</span> <span class='ocrx_word' id='word_1_19' title='bbox 1461 1129 1523 1177; x_wconf 86' lang='lat' dir='ltr'>eo-</span> 
     </span>
     <span class='ocr_line' id='line_1_4' title="bbox 461 1213 1520 1304; baseline -0.003 -22"><span class='ocrx_word' id='word_1_20' title='bbox 461 1237 534 1282; x_wconf 87' lang='lat' dir='ltr'>rum</span> <span class='ocrx_word' id='word_1_21' title='bbox 566 1215 682 1282; x_wconf 90' lang='lat' dir='ltr'>mitior</span> <span class='ocrx_word' id='word_1_22' title='bbox 710 1221 746 1282; x_wconf 88' lang='lat' dir='ltr'>et</span> <span class='ocrx_word' id='word_1_23' title='bbox 782 1216 919 1283; x_wconf 70' lang='lat' dir='ltr'>veritati</span> <span class='ocrx_word' id='word_1_24' title='bbox 960 1215 1170 1303; x_wconf 73' lang='lat' dir='ltr'>aliquetenus</span> <span class='ocrx_word' id='word_1_25' title='bbox 1203 1215 1312 1304; x_wconf 77' lang='lat' dir='ltr'>prior⁸</span> <span class='ocrx_word' id='word_1_26' title='bbox 1345 1213 1520 1282; x_wconf 86' lang='lat' dir='ltr'>videretur</span> 
     </span>
     <span class='ocr_line' id='line_1_5' title="bbox 462 1317 1522 1406; baseline -0.002 -20"><span class='ocrx_word' id='word_1_27' title='bbox 462 1317 498 1386; x_wconf 85' lang='lat' dir='ltr'>in</span> <span class='ocrx_word' id='word_1_28' title='bbox 521 1319 609 1386; x_wconf 87' lang='lat' dir='ltr'>huno</span> <span class='ocrx_word' id='word_1_29' title='bbox 639 1319 733 1406; x_wconf 77' lang='lat' dir='ltr'>quari</span> <span class='ocrx_word' id='word_1_30' title='bbox 764 1317 949 1387; x_wconf 73' lang='lat' dir='ltr'>Britanniae</span> <span class='ocrx_word' id='word_1_31' title='bbox 982 1319 1209 1385; x_wconf 74' lang='lat' dir='ltr'>subversorem</span> <span class='ocrx_word' id='word_1_32' title='bbox 1239 1317 1388 1384; x_wconf 87' lang='lat' dir='ltr'>omnium</span> <span class='ocrx_word' id='word_1_33' title='bbox 1415 1317 1522 1384; x_wconf 84' lang='lat' dir='ltr'>odio⁸</span> 
     </span>
     <span class='ocr_line' id='line_1_6' title="bbox 462 1419 1520 1510; baseline -0.004 -20"><span class='ocrx_word' id='word_1_34' title='bbox 462 1421 595 1510; x_wconf 81' lang='lat' dir='ltr'>telaque</span> <span class='ocrx_word' id='word_1_35' title='bbox 621 1421 886 1510; x_wconf 72' lang='lat' dir='ltr'>torquebantur.⁴</span> <span class='ocrx_word' id='word_1_36' title='bbox 931 1422 1082 1510; x_wconf 88' lang='lat' dir='ltr'>Denique</span> <span class='ocrx_word' id='word_1_37' title='bbox 1107 1421 1218 1488; x_wconf 78' lang='lat' dir='ltr'>omnin</span> <span class='ocrx_word' id='word_1_38' title='bbox 1242 1441 1317 1508; x_wconf 81' lang='lat' dir='ltr'>quoe</span> <span class='ocrx_word' id='word_1_39' title='bbox 1348 1419 1420 1488; x_wconf 88' lang='lat' dir='ltr'>Deo</span> <span class='ocrx_word' id='word_1_40' title='bbox 1445 1419 1520 1508; x_wconf 78' lang='lat' dir='ltr'>ple·</span> 
     </span>
     <span class='ocr_line' id='line_1_7' title="bbox 462 1521 1517 1612; baseline -0.004 -20"><span class='ocrx_word' id='word_1_41' title='bbox 462 1521 583 1592; x_wconf 72' lang='lat' dir='ltr'>cebant</span> <span class='ocrx_word' id='word_1_42' title='bbox 607 1531 642 1592; x_wconf 91' lang='lat' dir='ltr'>et</span> <span class='ocrx_word' id='word_1_43' title='bbox 674 1521 905 1612; x_wconf 84' lang='lat' dir='ltr'>dioplaoebant</span> <span class='ocrx_word' id='word_1_44' title='bbox 935 1523 1057 1611; x_wconf 82' lang='lat' dir='ltr'>requali</span> <span class='ocrx_word' id='word_1_45' title='bbox 1084 1525 1178 1591; x_wconf 87' lang='lat' dir='ltr'>lance</span> <span class='ocrx_word' id='word_1_46' title='bbox 1208 1525 1297 1590; x_wconf 89' lang='lat' dir='ltr'>inter</span> <span class='ocrx_word' id='word_1_47' title='bbox 1311 1545 1366 1590; x_wconf 87' lang='lat' dir='ltr'>eoe</span> <span class='ocrx_word' id='word_1_48' title='bbox 1392 1521 1517 1612; x_wconf 82' lang='lat' dir='ltr'>pende-</span> 
     </span>
     <span class='ocr_line' id='line_1_8' title="bbox 461 1625 1518 1714; baseline -0.002 -20"><span class='ocrx_word' id='word_1_49' title='bbox 461 1625 553 1706; x_wconf 83' lang='lat' dir='ltr'>bant,</span> <span class='ocrx_word' id='word_1_50' title='bbox 576 1629 605 1692; x_wconf 82' lang='lat' dir='ltr'>ri</span> <span class='ocrx_word' id='word_1_51' title='bbox 628 1649 696 1692; x_wconf 88' lang='lat' dir='ltr'>non</span> <span class='ocrx_word' id='word_1_52' title='bbox 725 1627 878 1714; x_wconf 82' lang='lat' dir='ltr'>graviora</span> <span class='ocrx_word' id='word_1_53' title='bbox 901 1634 1011 1694; x_wconf 78' lang='lat' dir='ltr'>essent</span> <span class='ocrx_word' id='word_1_54' title='bbox 1035 1627 1249 1714; x_wconf 79' lang='lat' dir='ltr'>displioentia</span> <span class='ocrx_word' id='word_1_55' title='bbox 1297 1627 1416 1714; x_wconf 75' lang='lat' dir='ltr'>ltaque</span> <span class='ocrx_word' id='word_1_56' title='bbox 1439 1647 1518 1714; x_wconf 82' lang='lat' dir='ltr'>ego·</span> 
     </span>
     <span class='ocr_line' id='line_1_9' title="bbox 462 1728 1519 1817; baseline -0.004 -19"><span class='ocrx_word' id='word_1_57' title='bbox 462 1729 586 1798; x_wconf 80' lang='lat' dir='ltr'>bantur</span> <span class='ocrx_word' id='word_1_58' title='bbox 616 1735 736 1796; x_wconf 82' lang='lat' dir='ltr'>ounota</span> <span class='ocrx_word' id='word_1_59' title='bbox 765 1751 840 1817; x_wconf 79' lang='lat' dir='ltr'>qum</span> <span class='ocrx_word' id='word_1_60' title='bbox 878 1729 979 1797; x_wconf 82' lang='lat' dir='ltr'>saluti</span> <span class='ocrx_word' id='word_1_61' title='bbox 1010 1728 1167 1796; x_wconf 78' lang='lat' dir='ltr'>fuerunt⁸</span> <span class='ocrx_word' id='word_1_62' title='bbox 1189 1731 1355 1796; x_wconf 77' lang='lat' dir='ltr'>contrario</span> <span class='ocrx_word' id='word_1_63' title='bbox 1385 1735 1420 1796; x_wconf 89' lang='lat' dir='ltr'>et</span> <span class='ocrx_word' id='word_1_64' title='bbox 1446 1749 1519 1794; x_wconf 87' lang='lat' dir='ltr'>non</span> 
     </span>
     <span class='ocr_line' id='line_1_10' title="bbox 463 1831 1519 1921; baseline -0.003 -21"><span class='ocrx_word' id='word_1_65' title='bbox 463 1833 568 1900; x_wconf 76' lang='lat' dir='ltr'>nolum</span> <span class='ocrx_word' id='word_1_66' title='bbox 600 1833 663 1899; x_wconf 89' lang='lat' dir='ltr'>hoo</span> <span class='ocrx_word' id='word_1_67' title='bbox 692 1833 863 1900; x_wconf 73' lang='lat' dir='ltr'>eandm-eo</span> <span class='ocrx_word' id='word_1_68' title='bbox 903 1833 967 1898; x_wconf 87' lang='lat' dir='ltr'>viri</span> <span class='ocrx_word' id='word_1_69' title='bbox 997 1831 1056 1898; x_wconf 85' lang='lat' dir='ltr'>aed</span> <span class='ocrx_word' id='word_1_70' title='bbox 1085 1839 1121 1898; x_wconf 91' lang='lat' dir='ltr'>et</span> <span class='ocrx_word' id='word_1_71' title='bbox 1150 1853 1232 1921; x_wconf 82' lang='lat' dir='ltr'>grex</span> <span class='ocrx_word' id='word_1_72' title='bbox 1262 1831 1401 1900; x_wconf 87' lang='lat' dir='ltr'>Domini</span> <span class='ocrx_word' id='word_1_73' title='bbox 1429 1831 1519 1919; x_wconf 78' lang='lat' dir='ltr'>ejur-</span> 
     </span>
     <span class='ocr_line' id='line_1_11' title="bbox 463 1935 1208 2024; baseline -0.005 -20"><span class='ocrx_word' id='word_1_74' title='bbox 463 1958 526 2024; x_wconf 89' lang='lat' dir='ltr'>quo</span> <span class='ocrx_word' id='word_1_75' title='bbox 550 1941 699 2024; x_wconf 77' lang='lat' dir='ltr'>pastores</span> <span class='ocrx_word' id='word_1_76' title='bbox 723 1937 794 2002; x_wconf 85' lang='lat' dir='ltr'>eine</span> <span class='ocrx_word' id='word_1_77' title='bbox 817 1936 1013 2002; x_wconf 77' lang='lat' dir='ltr'>discretione</span> <span class='ocrx_word' id='word_1_78' title='bbox 1035 1935 1208 2002; x_wconf 77' lang='lat' dir='ltr'>faciebant</span> 
     </span>
    </p>

    <p class='ocr_par' dir='ltr' id='par_1_3' title="bbox 461 2035 1518 2847">
     <span class='ocr_line' id='line_1_12' title="bbox 507 2035 1516 2126; baseline 0.001 -22"><span class='ocrx_word' id='word_1_79' title='bbox 507 2037 588 2106; x_wconf 88' lang='lat' dir='ltr'>Non</span> <span class='ocrx_word' id='word_1_80' title='bbox 617 2039 722 2126; x_wconf 82' lang='lat' dir='ltr'>igitur</span> <span class='ocrx_word' id='word_1_81' title='bbox 742 2037 973 2104; x_wconf 72' lang='lat' dir='ltr'>edmmndum</span> <span class='ocrx_word' id='word_1_82' title='bbox 998 2043 1051 2104; x_wconf 82' lang='lat' dir='ltr'>est</span> <span class='ocrx_word' id='word_1_83' title='bbox 1069 2035 1246 2126; x_wconf 72' lang='lat' dir='ltr'>degeneres</span> <span class='ocrx_word' id='word_1_84' title='bbox 1268 2037 1353 2104; x_wconf 75' lang='lat' dir='ltr'>talea</span> <span class='ocrx_word' id='word_1_85' title='bbox 1378 2037 1421 2104; x_wconf 93' lang='lat' dir='ltr'>ob</span> <span class='ocrx_word' id='word_1_86' title='bbox 1447 2059 1516 2105; x_wconf 83' lang='lat' dir='ltr'>soe·</span> 
     </span>
     <span class='ocr_line' id='line_1_13' title="bbox 462 2139 1516 2228; baseline -0.002 -20"><span class='ocrx_word' id='word_1_87' title='bbox 462 2139 532 2209; x_wconf 83' lang='lat' dir='ltr'>lora</span> <span class='ocrx_word' id='word_1_88' title='bbox 561 2141 645 2208; x_wconf 77' lang='lat' dir='ltr'>tolie</span> <span class='ocrx_word' id='word_1_89' title='bbox 674 2141 746 2208; x_wconf 84' lang='lat' dir='ltr'>Deo</span> <span class='ocrx_word' id='word_1_90' title='bbox 777 2139 903 2208; x_wconf 82' lang='lat' dir='ltr'>iuvieoa</span> <span class='ocrx_word' id='word_1_91' title='bbox 933 2141 1078 2228; x_wconf 89' lang='lat' dir='ltr'>patriam</span> <span class='ocrx_word' id='word_1_92' title='bbox 1108 2141 1201 2206; x_wconf 86' lang='lat' dir='ltr'>illem</span> <span class='ocrx_word' id='word_1_93' title='bbox 1231 2141 1386 2208; x_wconf 74' lang='lat' dir='ltr'>amittere</span> <span class='ocrx_word' id='word_1_94' title='bbox 1416 2161 1516 2228; x_wconf 88' lang='lat' dir='ltr'>quam</span> 
     </span>
     <span class='ocr_line' id='line_1_14' title="bbox 462 2243 1516 2334; baseline -0.002 -22"><span class='ocrx_word' id='word_1_95' title='bbox 462 2243 621 2334; x_wconf 79' lang='lat' dir='ltr'>prredioto</span> <span class='ocrx_word' id='word_1_96' title='bbox 647 2243 744 2310; x_wconf 89' lang='lat' dir='ltr'>modo</span> <span class='ocrx_word' id='word_1_97' title='bbox 770 2245 1027 2311; x_wconf 68' lang='lat' dir='ltr'>maculaverant.</span> <span class='ocrx_word' id='word_1_98' title='bbox 1073 2243 1217 2310; x_wconf 77' lang='lat' dir='ltr'>Volebat</span> <span class='ocrx_word' id='word_1_99' title='bbox 1239 2245 1328 2310; x_wconf 88' lang='lat' dir='ltr'>enirn</span> <span class='ocrx_word' id='word_1_100' title='bbox 1359 2243 1450 2310; x_wconf 85' lang='lat' dir='ltr'>Deua</span> <span class='ocrx_word' id='word_1_101' title='bbox 1473 2265 1516 2310; x_wconf 85' lang='lat' dir='ltr'>ex</span> 
     </span>
     <span class='ocr_line' id='line_1_15' title="bbox 462 2347 1517 2436; baseline -0.002 -22"><span class='ocrx_word' id='word_1_102' title='bbox 462 2347 542 2436; x_wconf 79' lang='lat' dir='ltr'>ipeia</span> <span class='ocrx_word' id='word_1_103' title='bbox 571 2347 756 2414; x_wconf 70' lang='lat' dir='ltr'>vindictam</span> <span class='ocrx_word' id='word_1_104' title='bbox 786 2367 916 2414; x_wconf 77' lang='lat' dir='ltr'>sumere</span> <span class='ocrx_word' id='word_1_105' title='bbox 946 2347 1027 2412; x_wconf 87' lang='lat' dir='ltr'>dum</span> <span class='ocrx_word' id='word_1_106' title='bbox 1057 2351 1254 2413; x_wconf 78' lang='lat' dir='ltr'>extraneum</span> <span class='ocrx_word' id='word_1_107' title='bbox 1292 2347 1448 2436; x_wconf 87' lang='lat' dir='ltr'>populum</span> <span class='ocrx_word' id='word_1_108' title='bbox 1480 2347 1517 2412; x_wconf 89' lang='lat' dir='ltr'>in</span> 
     </span>
     <span class='ocr_line' id='line_1_16' title="bbox 463 2447 1517 2539; baseline -0.001 -21"><span class='ocrx_word' id='word_1_109' title='bbox 463 2471 518 2518; x_wconf 81' lang='lat' dir='ltr'>eoe</span> <span class='ocrx_word' id='word_1_110' title='bbox 547 2447 781 2539; x_wconf 73' lang='lat' dir='ltr'>supervenire⁰</span> <span class='ocrx_word' id='word_1_111' title='bbox 806 2469 921 2538; x_wconf 74' lang='lat' dir='ltr'>pasena</span> <span class='ocrx_word' id='word_1_112' title='bbox 951 2455 1009 2516; x_wconf 85' lang='lat' dir='ltr'>eat.</span> <span class='ocrx_word' id='word_1_113' title='bbox 1057 2449 1207 2538; x_wconf 83' lang='lat' dir='ltr'>Dignum</span> <span class='ocrx_word' id='word_1_114' title='bbox 1236 2455 1350 2518; x_wconf 82' lang='lat' dir='ltr'>temen</span> <span class='ocrx_word' id='word_1_115' title='bbox 1380 2449 1517 2517; x_wconf 83' lang='lat' dir='ltr'>eeaetai</span> 
     </span>
     <span class='ocr_line' id='line_1_17' title="bbox 463 2552 1518 2641; baseline 0 -21"><span class='ocrx_word' id='word_1_116' title='bbox 463 2553 555 2620; x_wconf 81' lang='lat' dir='ltr'>Deua</span> <span class='ocrx_word' id='word_1_117' title='bbox 586 2554 798 2641; x_wconf 87' lang='lat' dir='ltr'>permitteret</span> <span class='ocrx_word' id='word_1_118' title='bbox 829 2553 917 2620; x_wconf 78' lang='lat' dir='ltr'>eirea</span> <span class='ocrx_word' id='word_1_119' title='bbox 955 2552 1107 2641; x_wconf 79' lang='lat' dir='ltr'>pristinae</span> <span class='ocrx_word' id='word_1_120' title='bbox 1149 2553 1311 2641; x_wconf 77' lang='lat' dir='ltr'>dignitati</span> <span class='ocrx_word' id='word_1_121' title='bbox 1340 2553 1518 2620; x_wconf 73' lang='lat' dir='ltr'>restituere</span> 
     </span>
     <span class='ocr_line' id='line_1_18' title="bbox 461 2655 1517 2744; baseline 0.001 -22"><span class='ocrx_word' id='word_1_122' title='bbox 461 2677 506 2722; x_wconf 86' lang='lat' dir='ltr'>ne</span> <span class='ocrx_word' id='word_1_123' title='bbox 535 2657 648 2742; x_wconf 83' lang='lat' dir='ltr'>generi</span> <span class='ocrx_word' id='word_1_124' title='bbox 677 2655 892 2744; x_wconf 88' lang='lat' dir='ltr'>opprobrium</span> <span class='ocrx_word' id='word_1_125' title='bbox 922 2655 975 2720; x_wconf 83' lang='lat' dir='ltr'>rit.</span> <span class='ocrx_word' id='word_1_126' title='bbox 1023 2655 1118 2722; x_wconf 87' lang='lat' dir='ltr'>Idem</span> <span class='ocrx_word' id='word_1_127' title='bbox 1149 2657 1237 2722; x_wconf 91' lang='lat' dir='ltr'>enim</span> <span class='ocrx_word' id='word_1_128' title='bbox 1272 2655 1368 2724; x_wconf 80' lang='lat' dir='ltr'>nobis</span> <span class='ocrx_word' id='word_1_129' title='bbox 1398 2661 1517 2723; x_wconf 80' lang='lat' dir='ltr'>etumra</span> 
     </span>
     <span class='ocr_line' id='line_1_19' title="bbox 463 2757 1290 2847; baseline 0 -22"><span class='ocrx_word' id='word_1_130' title='bbox 463 2759 529 2825; x_wconf 83' lang='lat' dir='ltr'>fuit</span> <span class='ocrx_word' id='word_1_131' title='bbox 555 2757 645 2824; x_wconf 84' lang='lat' dir='ltr'>unde</span> <span class='ocrx_word' id='word_1_132' title='bbox 672 2758 818 2824; x_wconf 76' lang='lat' dir='ltr'>securius</span> <span class='ocrx_word' id='word_1_133' title='bbox 841 2757 1006 2822; x_wconf 82' lang='lat' dir='ltr'>auxilium</span> <span class='ocrx_word' id='word_1_134' title='bbox 1029 2765 1126 2824; x_wconf 87' lang='lat' dir='ltr'>tuum</span> <span class='ocrx_word' id='word_1_135' title='bbox 1149 2760 1290 2847; x_wconf 82' lang='lat' dir='ltr'>postulo.</span> 
     </span>
    </p>

    <p class='ocr_par' dir='ltr' id='par_1_4' title="bbox 462 2859 1521 3656">
     <span class='ocr_line' id='line_1_20' title="bbox 509 2859 1519 2949; baseline 0.003 -23"><span class='ocrx_word' id='word_1_136' title='bbox 509 2859 621 2948; x_wconf 80' lang='lat' dir='ltr'>Maigo</span> <span class='ocrx_word' id='word_1_137' title='bbox 652 2881 797 2948; x_wconf 79' lang='lat' dir='ltr'>numque</span> <span class='ocrx_word' id='word_1_138' title='bbox 824 2867 961 2947; x_wconf 84' lang='lat' dir='ltr'>quertua</span> <span class='ocrx_word' id='word_1_139' title='bbox 998 2867 1075 2949; x_wconf 83' lang='lat' dir='ltr'>poet</span> <span class='ocrx_word' id='word_1_140' title='bbox 1103 2861 1288 2928; x_wconf 83' lang='lat' dir='ltr'>Arthurum</span> <span class='ocrx_word' id='word_1_141' title='bbox 1319 2861 1401 2929; x_wconf 86' lang='lat' dir='ltr'>duos</span> <span class='ocrx_word' id='word_1_142' title='bbox 1430 2861 1519 2930; x_wconf 88' lang='lat' dir='ltr'>filioa</span> 
     </span>
     <span class='ocr_line' id='line_1_21' title="bbox 463 2961 1519 3054; baseline 0.002 -24"><span class='ocrx_word' id='word_1_143' title='bbox 463 2963 589 3054; x_wconf 75' lang='lat' dir='ltr'>genuit,</span> <span class='ocrx_word' id='word_1_144' title='bbox 621 2983 761 3052; x_wconf 88' lang='lat' dir='ltr'>quorum</span> <span class='ocrx_word' id='word_1_145' title='bbox 792 2985 879 3030; x_wconf 80' lang='lat' dir='ltr'>unus</span> <span class='ocrx_word' id='word_1_146' title='bbox 910 2961 1129 3044; x_wconf 79' lang='lat' dir='ltr'>Eumeunus,’</span> <span class='ocrx_word' id='word_1_147' title='bbox 1151 2963 1237 3032; x_wconf 86' lang='lat' dir='ltr'>aiter</span> <span class='ocrx_word' id='word_1_148' title='bbox 1260 2964 1347 3031; x_wconf 89' lang='lat' dir='ltr'>Rum</span> <span class='ocrx_word' id='word_1_149' title='bbox 1377 2967 1519 3034; x_wconf 76' lang='lat' dir='ltr'>voeabu-</span> 
     </span>
     <span class='ocr_line' id='line_1_22' title="bbox 462 3063 1519 3157; baseline 0.001 -23"><span class='ocrx_word' id='word_1_150' title='bbox 462 3073 528 3134; x_wconf 85' lang='lat' dir='ltr'>tur.</span> <span class='ocrx_word' id='word_1_151' title='bbox 577 3063 792 3133; x_wconf 78' lang='lat' dir='ltr'>Enmaunue&#39;</span> <span class='ocrx_word' id='word_1_152' title='bbox 822 3067 1068 3154; x_wconf 84' lang='lat' dir='ltr'>inquietatione</span> <span class='ocrx_word' id='word_1_153' title='bbox 1095 3065 1267 3135; x_wconf 79' lang='lat' dir='ltr'>Saxonum</span> <span class='ocrx_word' id='word_1_154' title='bbox 1290 3074 1364 3157; x_wconf 84' lang='lat' dir='ltr'>poet</span> <span class='ocrx_word' id='word_1_155' title='bbox 1388 3069 1519 3135; x_wconf 85' lang='lat' dir='ltr'>obitum</span> 
     </span>
     <span class='ocr_line' id='line_1_23' title="bbox 464 3169 1520 3260; baseline 0.001 -23"><span class='ocrx_word' id='word_1_156' title='bbox 464 3170 578 3238; x_wconf 73' lang='lat' dir='ltr'>fratris</span> <span class='ocrx_word' id='word_1_157' title='bbox 602 3169 759 3260; x_wconf 78' lang='lat' dir='ltr'>expulsus</span> <span class='ocrx_word' id='word_1_158' title='bbox 789 3169 875 3236; x_wconf 88' lang='lat' dir='ltr'>hane</span> <span class='ocrx_word' id='word_1_159' title='bbox 898 3171 1102 3258; x_wconf 78' lang='lat' dir='ltr'>provinciam</span> <span class='ocrx_word' id='word_1_160' title='bbox 1119 3169 1227 3237; x_wconf 81' lang='lat' dir='ltr'>odivit</span> <span class='ocrx_word' id='word_1_161' title='bbox 1242 3171 1398 3258; x_wconf 86' lang='lat' dir='ltr'>deditque</span> <span class='ocrx_word' id='word_1_162' title='bbox 1414 3173 1520 3238; x_wconf 79' lang='lat' dir='ltr'>filiurn</span> 
     </span>
     <span class='ocr_line' id='line_1_24' title="bbox 464 3271 1520 3362; baseline -0.001 -18"><span class='ocrx_word' id='word_1_163' title='bbox 464 3295 558 3344; x_wconf 82' lang='lat' dir='ltr'>auem</span> <span class='ocrx_word' id='word_1_164' title='bbox 576 3272 684 3341; x_wconf 90' lang='lat' dir='ltr'>Hoelo</span> <span class='ocrx_word' id='word_1_165' title='bbox 707 3273 791 3350; x_wconf 87' lang='lat' dir='ltr'>duoi,</span> <span class='ocrx_word' id='word_1_166' title='bbox 820 3271 889 3338; x_wconf 85' lang='lat' dir='ltr'>filio</span> <span class='ocrx_word' id='word_1_167' title='bbox 914 3271 1030 3360; x_wconf 71' lang='lat' dir='ltr'>Magni</span> <span class='ocrx_word' id='word_1_168' title='bbox 1054 3273 1163 3352; x_wconf 89' lang='lat' dir='ltr'>Hoeli,</span> <span class='ocrx_word' id='word_1_169' title='bbox 1188 3275 1245 3362; x_wconf 93' lang='lat' dir='ltr'>qui</span> <span class='ocrx_word' id='word_1_170' title='bbox 1276 3297 1348 3341; x_wconf 89' lang='lat' dir='ltr'>oum</span> <span class='ocrx_word' id='word_1_171' title='bbox 1369 3275 1520 3344; x_wconf 88' lang='lat' dir='ltr'>Arthuro</span> 
     </span>
     <span class='ocr_line' id='line_1_25' title="bbox 463 3375 1521 3470; baseline 0.002 -26"><span class='ocrx_word' id='word_1_172' title='bbox 463 3379 606 3470; x_wconf 81' lang='lat' dir='ltr'>patrium</span> <span class='ocrx_word' id='word_1_173' title='bbox 638 3375 884 3463; x_wconf 68' lang='lat' dir='ltr'>subjugaverat.</span> <span class='ocrx_word' id='word_1_174' title='bbox 931 3376 982 3442; x_wconf 84' lang='lat' dir='ltr'>Ex</span> <span class='ocrx_word' id='word_1_175' title='bbox 1008 3377 1066 3442; x_wconf 85' lang='lat' dir='ltr'>ille</span> <span class='ocrx_word' id='word_1_176' title='bbox 1095 3383 1196 3444; x_wconf 76' lang='lat' dir='ltr'>natus</span> <span class='ocrx_word' id='word_1_177' title='bbox 1226 3383 1277 3445; x_wconf 85' lang='lat' dir='ltr'>est</span> <span class='ocrx_word' id='word_1_178' title='bbox 1312 3377 1448 3456; x_wconf 79' lang='lat' dir='ltr'>Alenus,</span> <span class='ocrx_word' id='word_1_179' title='bbox 1475 3403 1521 3447; x_wconf 82' lang='lat' dir='ltr'>ex</span> 
     </span>
     <span class='ocr_line' id='line_1_26' title="bbox 463 3479 1521 3568; baseline 0.005 -19"><span class='ocrx_word' id='word_1_180' title='bbox 463 3481 573 3549; x_wconf 81' lang='lat' dir='ltr'>Aleno</span> <span class='ocrx_word' id='word_1_181' title='bbox 601 3479 727 3547; x_wconf 86' lang='lat' dir='ltr'>Hoelue</span> <span class='ocrx_word' id='word_1_182' title='bbox 758 3484 854 3568; x_wconf 86' lang='lat' dir='ltr'>poter</span> <span class='ocrx_word' id='word_1_183' title='bbox 885 3483 972 3560; x_wconf 83' lang='lat' dir='ltr'>tuus,</span> <span class='ocrx_word' id='word_1_184' title='bbox 995 3479 1054 3566; x_wconf 88' lang='lat' dir='ltr'>qui</span> <span class='ocrx_word' id='word_1_185' title='bbox 1086 3479 1167 3548; x_wconf 91' lang='lat' dir='ltr'>dum</span> <span class='ocrx_word' id='word_1_186' title='bbox 1193 3481 1282 3548; x_wconf 84' lang='lat' dir='ltr'>vixit</span> <span class='ocrx_word' id='word_1_187' title='bbox 1312 3483 1379 3550; x_wconf 85' lang='lat' dir='ltr'>toti</span> <span class='ocrx_word' id='word_1_188' title='bbox 1398 3483 1521 3554; x_wconf 75' lang='lat' dir='ltr'>Gelljae</span> 
     </span>
     <span class='ocr_line' id='line_1_27' title="bbox 462 3581 1111 3656; baseline -0.008 -1"><span class='ocrx_word' id='word_1_189' title='bbox 462 3605 532 3656; x_wconf 87' lang='lat' dir='ltr'>non</span> <span class='ocrx_word' id='word_1_190' title='bbox 553 3583 729 3654; x_wconf 87' lang='lat' dir='ltr'>minimum</span> <span class='ocrx_word' id='word_1_191' title='bbox 755 3581 919 3650; x_wconf 80' lang='lat' dir='ltr'>inferebat</span> <span class='ocrx_word' id='word_1_192' title='bbox 948 3582 1111 3650; x_wconf 86' lang='lat' dir='ltr'>timorem.</span> 
     </span>
    </p>
   </div>
   <div class='ocr_carea' id='block_1_3' title="bbox 853 3875 1122 3950">
    <p class='ocr_par' dir='ltr' id='par_1_5' title="bbox 853 3875 1122 3950">
     <span class='ocr_line' id='line_1_28' title="bbox 853 3875 1122 3950; baseline -0.004 -1"><span class='ocrx_word' id='word_1_193' title='bbox 853 3881 934 3950; x_wconf 74' lang='lat' dir='ltr'>One.</span> <span class='ocrx_word' id='word_1_194' title='bbox 958 3875 1122 3948; x_wconf 85' lang='lat' dir='ltr'>LXXIII.</span> 
     </span>
    </p>
   </div>
   <div class='ocr_carea' id='block_1_4' title="bbox 466 4066 1520 4266">
    <p class='ocr_par' dir='ltr' id='par_1_6' title="bbox 466 4066 1520 4266">
     <span class='ocr_line' id='line_1_29' title="bbox 510 4066 1520 4162; baseline 0.004 -22"><span class='ocrx_word' id='word_1_195' title='bbox 510 4066 563 4141; x_wconf 81' lang='lat' dir='ltr'>Eo</span> <span class='ocrx_word' id='word_1_196' title='bbox 599 4075 713 4162; x_wconf 75' lang='lat' dir='ltr'>itaque</span> <span class='ocrx_word' id='word_1_197' title='bbox 741 4071 922 4160; x_wconf 82' lang='lat' dir='ltr'>hyemunte</span> <span class='ocrx_word' id='word_1_198' title='bbox 945 4095 1020 4140; x_wconf 89' lang='lat' dir='ltr'>eum</span> <span class='ocrx_word' id='word_1_199' title='bbox 1043 4071 1217 4140; x_wconf 79' lang='lat' dir='ltr'>Salomone</span> <span class='ocrx_word' id='word_1_200' title='bbox 1239 4071 1413 4142; x_wconf 80' lang='lat' dir='ltr'>eonsilium</span> <span class='ocrx_word' id='word_1_201' title='bbox 1435 4069 1520 4144; x_wconf 76' lang='lat' dir='ltr'>inte·</span> 
     </span>
     <span class='ocr_line' id='line_1_30' title="bbox 466 4172 1520 4266; baseline 0.002 -22"><span class='ocrx_word' id='word_1_202' title='bbox 466 4183 548 4244; x_wconf 86' lang='lat' dir='ltr'>runt</span> <span class='ocrx_word' id='word_1_203' title='bbox 576 4183 617 4244; x_wconf 92' lang='lat' dir='ltr'>ut</span> <span class='ocrx_word' id='word_1_204' title='bbox 647 4172 791 4244; x_wconf 84' lang='lat' dir='ltr'>Briauua</span> <span class='ocrx_word' id='word_1_205' title='bbox 819 4197 922 4266; x_wconf 73' lang='lat' dir='ltr'>nepos</span> <span class='ocrx_word' id='word_1_206' title='bbox 946 4175 1110 4243; x_wconf 83' lang='lat' dir='ltr'>Cedweili</span> <span class='ocrx_word' id='word_1_207' title='bbox 1128 4177 1166 4244; x_wconf 89' lang='lat' dir='ltr'>in</span> <span class='ocrx_word' id='word_1_208' title='bbox 1192 4177 1402 4245; x_wconf 78' lang='lat' dir='ltr'>Britanniam</span> <span class='ocrx_word' id='word_1_209' title='bbox 1424 4181 1520 4246; x_wconf 80' lang='lat' dir='ltr'>nari·</span> 
     </span>
    </p>
   </div>
   <div class='ocr_carea' id='block_1_5' title="bbox 499 4510 1520 4824">
    <p class='ocr_par' dir='ltr' id='par_1_7' title="bbox 501 4510 1379 4583">
     <span class='ocr_line' id='line_1_31' title="bbox 501 4510 1379 4583; baseline 0.007 -20"><span class='ocrx_word' id='word_1_210' title='bbox 501 4510 595 4580; x_wconf 66' lang='grc' dir='ltr'>Ιικὼ]</span> <span class='ocrx_word' id='word_1_211' title='bbox 613 4511 758 4564; x_wconf 72' lang='lat' dir='ltr'>hebetetur.</span> <span class='ocrx_word' id='word_1_212' title='bbox 771 4511 828 4563; x_wconf 84' lang='lat' dir='ltr'>edd.</span> <span class='ocrx_word' id='word_1_213' title='bbox 861 4511 895 4564; x_wconf 90' lang='lat' dir='ltr'>D.</span> <span class='ocrx_word' id='word_1_214' title='bbox 1051 4515 1184 4583; x_wconf 58' lang='lat' dir='ltr'>&#39;suumn</span> <span class='ocrx_word' id='word_1_215' title='bbox 1203 4523 1282 4569; x_wconf 81' lang='lat' dir='ltr'>erant</span> <span class='ocrx_word' id='word_1_216' title='bbox 1315 4513 1379 4569; x_wconf 76' lang='lat' dir='ltr'>RD.</span> 
     </span>
    </p>

    <p class='ocr_par' dir='ltr' id='par_1_8' title="bbox 499 4586 1520 4824">
     <span class='ocr_line' id='line_1_32' title="bbox 499 4586 1519 4663; baseline 0.005 -20"><span class='ocrx_word' id='word_1_217' title='bbox 499 4595 510 4624; x_wconf 86' lang='lat'><strong>¹</strong></span> <span class='ocrx_word' id='word_1_218' title='bbox 516 4593 600 4660; x_wconf 79' lang='lat' dir='ltr'>prior]</span> <span class='ocrx_word' id='word_1_219' title='bbox 620 4586 682 4658; x_wconf 58' lang='grc' dir='ltr'>μίαν.</span> <span class='ocrx_word' id='word_1_220' title='bbox 705 4592 739 4643; x_wconf 81' lang='grc' dir='ltr'>Α.</span> <span class='ocrx_word' id='word_1_221' title='bbox 763 4592 883 4658; x_wconf 84' lang='lat' dir='ltr'>proprior.</span> <span class='ocrx_word' id='word_1_222' title='bbox 916 4593 950 4645; x_wconf 92' lang='lat' dir='ltr'>D.</span> <span class='ocrx_word' id='word_1_223' title='bbox 1050 4596 1327 4663; x_wconf 72' lang='lat' dir='ltr'>‘incorrrperrem&#39;re]</span> <span class='ocrx_word' id='word_1_224' title='bbox 1346 4595 1519 4663; x_wconf 74' lang='lat' dir='ltr'>inciampet&#39;-</span> 
     </span>
     <span class='ocr_line' id='line_1_33' title="bbox 500 4673 1520 4741; baseline 0.004 -17"><span class='ocrx_word' id='word_1_225' title='bbox 500 4673 587 4738; x_wconf 83' lang='lat' dir='ltr'>&#39;od&#39;]</span> <span class='ocrx_word' id='word_1_226' title='bbox 607 4674 671 4724; x_wconf 72' lang='lat' dir='ltr'>odire</span> <span class='ocrx_word' id='word_1_227' title='bbox 707 4673 770 4724; x_wconf 75' lang='lat' dir='ltr'>RD.</span> <span class='ocrx_word' id='word_1_228' title='bbox 1017 4675 1111 4728; x_wconf 73' lang='lat' dir='ltr'>ventre.</span> <span class='ocrx_word' id='word_1_229' title='bbox 1145 4676 1175 4729; x_wconf 88' lang='lat' dir='ltr'>B.</span> <span class='ocrx_word' id='word_1_230' title='bbox 1209 4676 1359 4741; x_wconf 81' lang='lat' dir='ltr'>mperipeor</span> <span class='ocrx_word' id='word_1_231' title='bbox 1369 4675 1463 4728; x_wconf 83' lang='lat' dir='ltr'>venire.</span> <span class='ocrx_word' id='word_1_232' title='bbox 1484 4677 1520 4728; x_wconf 72' lang='lat' dir='ltr'>Dr</span> 
     </span>
     <span class='ocr_line' id='line_1_34' title="bbox 499 4749 1486 4824; baseline 0.004 -20"><span class='ocrx_word' id='word_1_233' title='bbox 499 4749 704 4820; x_wconf 71' lang='lat' dir='ltr'>⁴torquebantur]</span> <span class='ocrx_word' id='word_1_234' title='bbox 722 4753 889 4807; x_wconf 77' lang='lat' dir='ltr'>vertebantur.</span> <span class='ocrx_word' id='word_1_235' title='bbox 922 4755 955 4808; x_wconf 88' lang='lat' dir='ltr'>D.</span> <span class='ocrx_word' id='word_1_236' title='bbox 1051 4755 1231 4824; x_wconf 71' lang='lat' dir='ltr'>&#39;EmeruJ</span> <span class='ocrx_word' id='word_1_237' title='bbox 1250 4755 1387 4808; x_wconf 72' lang='lat' dir='ltr'>Ennianus.</span> <span class='ocrx_word' id='word_1_238' title='bbox 1421 4755 1486 4808; x_wconf 71' lang='lat' dir='ltr'>RD.</span> 
     </span>
    </p>
   </div>
   <div class='ocr_carea' id='block_1_6' title="bbox 0 0 1802 5844">
    <p class='ocr_par' dir='ltr' id='par_1_9' title="bbox 0 0 1802 5844">
     <span class='ocr_line' id='line_1_35' title="bbox 0 0 1802 5844; baseline 0 0"><span class='ocrx_word' id='word_1_239' title='bbox 0 0 1802 5844; x_wconf 95' lang='lat' dir='ltr'> </span> 
     </span>
    </p>
   </div>
  </div>
 </body>
</html>
