3674 5800
617 917 801 968 aunuum
823 915 1074 968 nrsronmnuu.
1329 901 1372 974 75

320 1095 355 1158 et
383 1089 530 1158 moribus
562 1111 583 1155 a
615 1087 787 1156 Germanis
821 1089 964 1155 multum
1002 1091 1169 1169 differrmt,
1200 1113 1279 1156 nam
1307 1090 1376 1156 fere
1390 1099 1520 1154 orrueb.

321 1215 433 1260 omnes
462 1193 500 1258 in
528 1213 622 1259 eoma
653 1191 857 1259 circulariter
888 1198 968 1258 sunt
990 1195 1125 1272 attonsi,
1149 1193 1228 1281 quia
1250 1199 1377 1280 quanto

320 1297 507 1376 nobiliores,
530 1299 627 1361 tanto
656 1295 864 1361 rotundiores
894 1295 1100 1362 arbitrantur
1131 1296 1270 1362 attondi
1316 1296 1379 1360 Est

322 1399 411 1466 enim
444 1419 526 1485 gens
555 1397 661 1478 fortis,
695 1397 806 1462 animo
840 1419 957 1479 saevus,
991 1420 1124 1484 corpore
1156 1398 1258 1476 ferox,
1283 1397 1379 1485 agilis

323 1501 441 1589 opere,¹
475 1500 599 1566 lanceis
630 1500 745 1566 ferreis
779 1505 876 1566 utens
906 1523 967 1587 pro
999 1502 1132 1586 sagittis
1144 1525 1152 1582 3
1183 1506 1275 1566 terra
1305 1522 1379 1587 pas-

323 1626 429 1684 cuosa,
452 1602 619 1690 palustris,
642 1602 777 1690 irrigua,
802 1603 980 1689 cespitibus
1002 1608 1062 1670 aut
1084 1604 1186 1668 boum
1209 1603 1379 1669 desiccatis

323 1706 521 1774 stereoribus
542 1726 628 1792 saepe
651 1709 749 1770 utens
771 1725 832 1792 pro
854 1705 1023 1770 localibus.
1070 1704 1160 1771 Gens
1182 1706 1295 1786 libera,
1319 1705 1380 1770 vix

325 1811 368 1876 ad
391 1809 491 1874 aliam
514 1812 649 1895 gentem
671 1807 842 1894 subjeeta3
864 1796 966 1873 morti
987 1829 1022 1873 se
1045 1813 1248 1894 exponentes
1271 1808 1381 1895 gratia

324 1911 499 1986 libertatis,
541 1909 654 1996 potius
700 1909 786 1974 mori
820 1908 950 1996 eligrmt
982 1931 1083 1994 quam
1116 1911 1153 1974 in
1184 1910 1380 1976 servitutem

325 2013 440 2101 redigi,
473 2011 549 2077 ideo
582 2011 765 2098 dignitates
795 2012 957 2077 militares
988 2011 1150 2090 abnuunt,
1185 2017 1220 2078 et
1253 2012 1381 2098 aliquos

327 2117 417 2182 inter
439 2113 496 2182 se²
518 2114 601 2202 erigi
623 2114 660 2178 in
683 2111 820 2178 sublimi
845 2135 913 2179 non
939 2114 1142 2202 permittunt
1167 2113 1231 2180 sub
1252 2113 1383 2181 militiae

257 2205 260 2210 ⁵
327 2217 438 2286 titulo.
493 2215 644 2282 Subsunt
675 2221 789 2281 tamen
817 2215 987 2302 judicibus
1018 2238 1101 2303 quos
1132 2218 1307 2284 annuatim
1340 2215 1382 2282 de

327 2319 442 2407 seipsis
463 2317 601 2406 eligunt,
625 2317 684 2407 qui
714 2317 974 2406 rempublicam³
996 2321 1085 2385 inter
1106 2321 1195 2406 ipsos
1226 2319 1383 2386 ordinant

328 2426 363 2490 et
399 2419 605 2510 disponunt.⁴
662 2420 860 2488 Oastitetem
897 2421 1042 2488 multum
1091 2421 1210 2500 zelant,
1240 2422 1383 2509 impudi-

328 2525 442 2592 eitiam
474 2524 620 2590 severius
653 2523 808 2610 puniunt,
832 2523 918 2590 filios
940 2529 975 2591 et
996 2523 1082 2590 filias
1107 2525 1276 2612 usquead
1297 2547 1383 2590 eom-

328 2628 454 2716 pletum
476 2625 707 2692 adoleseentiae
728 2626 909 2692 terminum
934 2631 1040 2694 castos
1067 2637 1209 2708 servant,
1233 2633 1268 2694 et
1294 2631 1383 2708 tune,

330 2729 440 2796 datis⁵
465 2728 597 2816 nuptui,
622 2750 743 2816 paueos
774 2734 935 2817 generant
965 2729 1103 2812 soboles,
1124 2729 1182 2797 sed
1215 2729 1317 2798 fortes
1350 2736 1385 2796 et

330 2833 548 2900 eommuniter
570 2832 729 2900 robustos

700 3162 781 3230 OAP.
806 3163 1013 3231 LXXXVII.

751 3323 803 3391 De
828 3321 951 3392 (ladio

376 3473 511 3542 Gema
535 3473 678 3564 Europae
704 3483 756 3541 est
778 3475 958 3562 provincia,
982 3477 1072 3544 inter
1089 3477 1264 3566 Pyrenaeos
1286 3479 1382 3547 Mon·
1398 3491 1520 3548 orsam

332 3581 383 3645 tes
399 3583 435 3644 et
462 3576 632 3644 Oceanum
655 3577 888 3643 Britannicum
903 3580 1095 3661 constituta,
1111 3603 1186 3668 quae
1201 3605 1222 3648 a
1243 3582 1382 3649 candore

330 3681 444 3768 populi
466 3679 654 3766 antiquitus
668 3683 720 3746 est
741 3681 789 3746 sio
802 3685 927 3746 vocata
976 3681 1064 3750 Galo
1089 3684 1179 3750 enim
1195 3683 1306 3751 Graeee
1329 3683 1384 3752 too

330 3783 451 3849 dieitur
482 3783 611 3864 Latine,
642 3783 717 3850 ideo
749 3781 879 3870 Sibylla
901 3805 956 3849 eos
987 3785 1100 3852 Gallos
1129 3787 1324 3867 nominavit,
1347 3789 1383 3855 id

330 3890 381 3952 est
410 3879 591 3952 eandidos⁶
636 3885 826 3952 Secundum
863 3887 1048 3954 animorum
1085 3889 1313 3958 diversitatem
1349 3897 1385 3959 et

330 4009 501 4075 eorporum
535 3987 759 4075 quantitatem
795 3989 902 4055 Roma
932 4011 1050 4077 graves
1080 3999 1225 4080 generat,
1258 3994 1386 4062 Gracia

328 4090 426 4169 leves,
449 4089 564 4156 Afiiea
584 4091 784 4178 versipelles,
808 4091 918 4158 Gallia
938 4093 1061 4160 feroeee
1075 4101 1110 4161 et
1131 4097 1264 4183 ingenio
1286 4119 1384 4164 aoros

331 4191 406 4260 Hoe
429 4192 589 4274 Isidorus,
605 4192 692 4259 libro
715 4211 764 4259 rx,
798 4194 854 4260 Ab
877 4194 1015 4262 Oriente
1038 4197 1141 4265 habet
1163 4199 1383 4282 Germaniam,

327 4296 371 4362 ab
397 4294 577 4363 Oeeideute
604 4295 817 4384 Hispaniam,
845 4297 888 4363 ab
909 4297 1077 4384 Aquilone
1098 4301 1135 4366 in
1158 4301 1288 4369 Oeeano
1311 4304 1385 4370 Bri·

612 4497 749 4504 -——.——-

336 4697 342 4712 ⁸
368 4621 470 4688 Ιφατε]
489 4621 590 4673 written
605 4637 836 4688 uponanerasure
920 4629 1082 4700 ‘desponuaq
1101 4634 1242 4701 disponant,
1274 4637 1311 4689 Β,

334 4699 455 4830 m'Binm
464 4781 503 4848 re]
517 4797 567 4833 om.
601 4782 665 4833 B.D.
922 4747 1022 4816 qm]
1035 4751 1094 4803 M·
1127 4752 1195 4805 RD·

370 4859 572 4928 'respuerem
590 4861 750 4928 rempubliee.
785 4861 819 4915 D.
919 4865 1069 4934 ‘cauAEdod
1089 4871 1189 4924 candos.
1222 4873 1253 4924 B.
1299 4889 1302 4896 ’
