3590 5844
577 929 759 982 suuoaruu
781 931 1028 984 msronnnuu.
1268 917 1335 993 367

284 1106 423 1173 autem¹
459 1106 634 1173 Britonum
665 1129 793 1196 semper
823 1109 961 1196 vigebat
994 1107 1229 1175 Christianitas
1260 1133 1335 1197 quae
1348 1118 1417 1169 Ab.
1430 1119 1488 1170 ⁵⁹⁷·

283 1232 304 1276 a
326 1216 472 1298 tempore
496 1210 680 1278 Eleutherii
709 1233 804 1302 papae
834 1211 951 1278 habita
974 1213 1063 1278 inter
1086 1234 1141 1278 eos
1164 1235 1335 1302 nunquam

283 1312 453 1380 defecerat.
497 1399 500 1406 .

329 1419 425 1486 Inter
456 1419 596 1486 catera²
617 1420 655 1486 in
687 1421 823 1487 civitate
856 1421 991 1508 Bangor
1023 1426 1139 1488 tantus
1172 1428 1244 1489 crat
1277 1445 1338 1489 nu-

281 1543 391 1589 merus
412 1523 646 1590 monachorum
667 1529 707 1590 ut
733 1546 806 1590 cum
830 1525 867 1589 in
889 1530 1017 1612 septem
1039 1526 1205 1612 portiones
1229 1526 1337 1591 esset³

281 1647 355 1691 oum
386 1626 571 1714 praepositis
602 1627 666 1692 sibi
703 1627 868 1714 prioribus
904 1628 1142 1693 monasterium
1180 1629 1334 1710 divisum,

281 1728 375 1794 nulla
397 1729 514 1794 harum
545 1729 655 1816 portic
686 1731 796 1794 minus
819 1726 927 1818 squam
951 1735 1131 1796 trescentos
1161 1731 1337 1796 monachos

281 1830 425 1908 haberet,
449 1832 507 1916 qui
537 1853 650 1898 omnes
680 1853 776 1918 opere
806 1853 965 1898 manuum
987 1833 1145 1898 suarum⁴
1166 1835 1335 1900 vivebant.

280 1933 418 2005 Abbas⁶
462 1939 574 2000 autem
619 1931 755 2000 eorum⁶
802 1934 974 2001 Dinohot⁷
1020 1937 1211 2014 vocabatur,
1250 1937 1335 2002 miro

279 2037 377 2101 modo
411 2036 601 2102 liberalibus
631 2036 759 2102 artibus
793 2038 954 2118 eruditus,
977 2038 1035 2124 qui
1057 2039 1248 2126 Augustino
1279 2062 1335 2128 pe-

279 2140 366 2206 tenti
397 2140 440 2206 ab
470 2140 630 2228 episcopis
653 2139 830 2205 Britonum
864 2139 1101 2226 subjectionem
1124 2145 1159 2206 ct
1182 2141 1335 2208 suadenti

278 2246 318 2307 ut
347 2264 455 2310 secum
486 2243 579 2330 genti
618 2241 803 2330 Anglorum
840 2262 1047 2310 communem
1085 2243 1335 2331 evangelizandi

277 2344 422 2410 laborem
451 2345 661 2432 susciperent,
695 2344 833 2412 diversis
863 2345 1068 2432 argumentis
1098 2345 1185 2432 ipsos
1209 2346 1334 2412 nullam

279 2448 309 2512 ci
344 2447 581 2534 subjectionem
620 2448 738 2514 debera
775 2469 850 2513 cum
880 2453 915 2512 et
945 2469 1042 2513 suum
1071 2446 1334 2534 archipraesulem

277 2545 447 2630 haberent,
471 2555 506 2616 et
535 2571 615 2637 gens
639 2548 810 2614 Saxonum
831 2551 974 2638 patriam
1005 2548 1256 2638 propriamque⁸
1287 2551 1334 2616 eis

277 2649 405 2718 auferre
437 2656 633 2740 perstarent,
657 2651 747 2716 unde
786 2673 841 2718 eos
871 2673 1000 2718 summo
1030 2651 1107 2716 odio
1139 2651 1332 2732 habebant3

275 2751 440 2840 fidemque
478 2754 655 2822 Britonum
692 2752 753 2819 ac⁹
782 2753 977 2840 religionem
1010 2752 1159 2820 Saxones
1189 2777 1249 2841 pro
1282 2756 1334 2822 ni-

274 2855 343 2920 hilo
380 2856 556 2936 habebant,
597 2856 751 2923 Britones
789 2877 868 2922 vero
913 2855 1013 2922 citius
1051 2854 1188 2922 canibus
1232 2878 1332 2946 quam
1366 2890 1368 2894 ·

276 2958 424 3046 Anglicis
446 2955 806 3046 communi[ca]bant.¹⁰

312 3079 431 3136 Sanctus
451 3079 627 3152 Augustinus
648 3081 678 3136 in
699 3081 790 3136 insula
807 3097 870 3154 quse
889 3079 989 3136 dicitur
1006 3079 1146 3136 'Phanetou
1168 3099 1233 3138 cum
1252 3082 1332 3138 sociis
1344 3093 1463 3144 sargus·

276 3181 327 3220 xn.
341 3163 480 3236 applicuit,
494 3169 521 3220 et
541 3163 655 3222 mittens
677 3163 713 3218 ad
730 3162 911 3220 Adclbertunr
930 3181 1021 3235 regem
1036 3163 1178 3220 mandavit
1196 3182 1224 3220 se
1242 3167 1332 3222 venire
1343 3141 1474 3238 ffl'fflss‘ii

276 3245 310 3304 de
336 3247 424 3304 Roma
446 3264 477 3304 ac
501 3247 632 3304 nundum
655 3247 723 3304 ferre
753 3247 890 3318 optimum
921 3247 969 3320 qui
999 3246 1051 3302 sibi
1080 3247 1332 3320 obtemperantibus
1343 3247 1403 3290 bert.

274 3337 377 3388 eterna
405 3331 435 3386 in
459 3332 527 3388 coelo
551 3329 653 3403 gaudis
676 3335 704 3386 et
726 3348 844 3402 regnum
880 3330 939 3386 sine
962 3329 1018 3388 fine
1046 3349 1110 3386 cum
1135 3331 1196 3388 Deo
1219 3331 1282 3390 vivo
1305 3338 1333 3389 et

274 3433 338 3473 vero
361 3415 489 3472 futurum
513 3415 572 3472 sine
601 3415 660 3472 ulla
689 3413 828 3470 dubietate
857 3414 1001 3486 promittit.
1051 3413 1108 3476 Qui
1136 3413 1189 3470 hoc
1218 3415 1332 3474 audiena

273 3517 382 3556 manue
402 3499 463 3556 illos
482 3499 512 3554 in
531 3517 563 3554 ea
581 3499 674 3555 insula
691 3503 719 3554 et
741 3497 779 3555 eis
804 3498 954 3554 necassent
972 3497 1120 3554 ministrari
1140 3499 1232 3570 jussit,
1246 3499 1332 3557 donec

275 3582 376 3640 viduet
398 3583 466 3656 quid
485 3584 523 3640 ais
546 3583 653 3640 aaut.
690 3581 757 3640 Post
777 3581 834 3638 dics
855 3601 920 3654 crgo
941 3583 1046 3656 aliquot
1064 3582 1139 3638 veuit
1157 3582 1193 3638 ad
1212 3583 1332 3640 insulam

271 3685 328 3734 rex,
349 3672 377 3724 ct
396 3667 516 3724 residens
536 3667 589 3724 sub
614 3666 677 3724 divo
698 3666 780 3740 jrrssit
791 3667 982 3738 Augustinum
1005 3685 1069 3723 cum
1087 3667 1167 3724 sociis
1190 3667 1226 3724 ad
1249 3685 1331 3724 suum

272 3751 374 3808 ibidem
397 3752 488 3810 venire
512 3751 689 3826 colloquium,
703 3755 730 3806 ct
749 3751 789 3806 illi
810 3751 913 3808 Divina
930 3751 1031 3808 virtute
1054 3751 1160 3824 praediti
1179 3751 1331 3818 veniebant,

274 3834 391 3892 Crucem
414 3853 464 3908 pro
483 3835 583 3892 vexillo
603 3835 720 3890 ferentes
741 3838 905 3906 argenteam,
922 3839 950 3892 at
971 3834 1119 3908 imaginem
1132 3835 1279 3892 Salvator-is
1302 3835 1332 3890 in

273 3920 370 3976 tabula
394 3919 530 3992 depictam
550 3937 614 3976 cum
635 3919 736 3974 letania
754 3936 817 3992 quoe
835 3937 885 3992 pro
904 3937 955 3978 suc
975 3925 1002 3976 ct
1020 3937 1114 3976 eorum
1131 3925 1241 3993 propter
1261 3938 1331 3994 quos

298 4190 523 4255 'Notainnmrg
557 4188 627 4240 Am.
859 4189 1002 4258 'DiachctJ
1021 4189 1161 4242 Dinohoth.
1195 4189 1228 4240 D.

302 4271 426 4337 Ξοιείινα]
445 4277 556 4322 eaeierss.
591 4268 660 4320 RD.
859 4295 938 4362 ¹⁹⁸⁶]
957 4309 1006 4346 om·
1039 4295 1106 4346 RD·

302 4347 397 4415 ἐπεὶ]
417 4355 507 4400 essent.
542 4347 576 4398 D.
859 4401 869 4429 ·

303 4428 434 4494 ‘auarum]
481 4443 530 4478 om.
577 4427 642 4478 BJ).
686 4425 778 4480 Modus
880 4400 923 4466 σε]
944 4407 1024 4465 ΜΨ·
1060 4401 1094 4451 D·

269 4507 373 4558 vivendi
384 4507 572 4558 monachorum.
591 4506 619 4556 in
630 4521 709 4572 marg.
727 4508 758 4558 B.
859 4503 1138 4572 ¹⁰ccmmuai[ca]tcat]
1169 4501 1328 4573 commii[an

236 4605 242 4614 ·
303 4587 414 4637 ⁵Abbas
436 4585 558 4638 Dinohot.
577 4585 605 4636 in
621 4601 701 4652 marg.
742 4587 777 4640 A.
825 4584 1008 4650 emsure]bant.
1043 4585 1077 4636 A.
1111 4583 1194 4635 Theb
1213 4588 1264 4635 and
1285 4587 1328 4636 the

269 4665 358 4716 Abbaa
369 4665 508 4716 Dinohoth.
526 4667 553 4716 in
563 4681 642 4732 marg.
676 4665 709 4716 D.
823 4663 933 4714 remeius
950 4664 981 4714 cf
995 4663 1037 4713 the
1056 4663 1142 4713 erased
1162 4663 1235 4713 letter
1250 4663 1328 4730 being

240 4799 244 4806 ,
302 4745 415 4810 ⁰caracara]
436 4743 470 4796 So
485 4745 563 4812 badly
580 4745 681 4796 arium
701 4744 728 4795 in
740 4745 774 4796 A.
822 4741 850 4792 in
872 4743 976 4794 blacker
998 4743 1044 4792 inlr
1065 4743 1127 4794 urm
1149 4741 1193 4793 the
1215 4751 1326 4796 context.

270 4823 673 4890 astobehardlydecipherablc.
821 4822 1047 4874 communicabant.
1080 4821 1146 4873 Β.Ι).
