3696 5794
473 879 541 946 112
769 889 953 946 sonorum
976 885 1226 944 nrsroemsnu,

305 1070 424 1152 0?qu-
471 1065 597 1154 eopiom
617 1062 801 1130 redundare
816 1061 905 1129 feeit
953 1061 1051 1128 Hono
1073 1059 1240 1148 regionem
1256 1055 1387 1124 Gemne
1403 1053 1524 1121 fluvius

306 1153 386 1191 ⁰⁰⁰¹*
471 1193 492 1236 e
527 1167 712 1232 Tholosens
750 1167 891 1254 soporat,
936 1186 1011 1251 quse
1050 1162 1259 1232 Wasooniem
1298 1157 1524 1246 praeterfluens

466 1274 567 1360 juxte
592 1270 804 1358 Burdigalem
833 1269 1042 1358 metropolim
1072 1268 1189 1334 urbem
1213 1265 1398 1334 Weseoniae
1423 1263 1523 1330 Ooee-

472 1399 553 1445 num
571 1376 683 1442 intret.
731 1372 806 1440 Hoo
828 1371 984 1453 Isidorus,
1008 1371 1095 1440 libro
1118 1387 1170 1440 lx.

886 1682 968 1750 Osr.
994 1681 1112 1752 CLIV.

875 1880 926 1948 De
964 1879 1116 1950 Venetia.

306 2101 459 2154 menois.
518 2082 677 2150 Vnum
714 2081 757 2149 ob
790 2081 927 2168 antiquo
969 2080 1091 2146 dieitur
1128 2079 1297 2168 provincie
1328 2078 1390 2146 sub
1427 2078 1524 2146 litore

474 2186 577 2254 Moris
608 2185 783 2266 Adriatici,
815 2185 874 2252 ubi
911 2182 1054 2252 Venetia
1092 2183 1211 2250 civitas
1242 2203 1332 2249 nuno
1363 2186 1415 2248 est
1449 2181 1523 2263 sita,

472 2311 575 2376 usque
598 2287 642 2354 ed
669 2287 797 2354 Pedum
821 2287 969 2366 fluvium,
995 2283 1088 2373 quae¹
1113 2284 1237 2352 dividit
1260 2284 1413 2352 civitates
1435 2284 1526 2350 inter

473 2391 691 2478 Pogoinenses
714 2395 749 2458 et
771 2389 1040 2458 Mediolanenses.
1098 2387 1223 2454 Multas
1245 2388 1346 2456 habet
1369 2385 1524 2454 civitates

472 2494 565 2580 eujus
593 2498 740 2582 potestas
762 2515 821 2582 per
841 2492 1050 2580 longissimos
1072 2491 1172 2558 moris
1201 2495 1328 2558 tmotus
1350 2494 1403 2556 est
1424 2489 1523 2557 hodie

472 2619 577 2684 nsque
598 2596 786 2684 Aquileiam
809 2602 843 2664 et
866 2595 1067 2662 Dslmotum.
1125 2593 1318 2662 Selevorum
1340 2594 1524 2681 piretemm

473 2700 618 2788 pmedom
648 2699 857 2786 tyrannioem
889 2697 1088 2786 compesoit⁸
1113 2702 1149 2764 et
1173 2695 1349 2786 reprimit.⁸
1394 2695 1525 2764 Insulae

473 2808 508 2868 et
539 2808 661 2889 portus,
696 2803 940 2889 promunctoriu
971 2805 1007 2867 et
1038 2799 1138 2866 meris
1169 2799 1261 2866 sinus
1287 2801 1348 2865 sub
1373 2799 1443 2885 ejus
1466 2800 1525 2864 do·

473 2906 576 2972 minio
599 2904 782 2972 existentes
806 2903 991 2989 justissime
1017 2902 1106 2990 regit
1128 2902 1278 2968 subditos
1304 2902 1348 2968 ob
1372 2901 1525 2968 hostibus

474 3007 702 3095 potentissime
727 3006 872 3095 protegit
897 3028 936 3074 oo
965 3003 1124 3088 defendit,
1152 3004 1388 3092 rempublicam
1420 3008 1455 3069 et
1481 3003 1525 3070 oi·

475 3110 576 3176 vilem
595 3108 779 3195 justissime
803 3107 896 3195 regit.
943 3106 1080 3174 Nollem
1107 3111 1231 3173 sertem
1254 3105 1378 3173 divinis
1400 3113 1529 3172 oontrs·

475 3211 558 3277 riom
587 3211 753 3278 institutis
779 3211 965 3290 infrolsuos
988 3208 1147 3276 terminos
1178 3230 1311 3275 monere
1341 3207 1528 3274 dissimulat

475 3318 534 3404 sut
564 3314 738 3401 permittit.
797 3311 909 3401 Hujus
931 3311 1108 3400 provinoiae
1131 3315 1166 3378 et
1188 3311 1351 3400 praeeipue
1383 3311 1528 3378 civitatis

476 3416 625 3484 Venetiae
656 3415 839 3505 probitates
869 3416 998 3483 aestimo
1032 3413 1234 3502 superfluum
1268 3436 1429 3497 enan-ore,
1453 3437 1527 3480 oum

470 3519 542 3605 jam
566 3519 719 3586 omnibus
741 3539 830 3586 more
853 3517 1092 3606 navigantibus
1114 3517 1159 3583 sit
1181 3515 1391 3583 rotifiontum.

900 3811 979 3878 Otr.
1005 3810 1102 3878 CLV.

877 4012 927 4080 De
950 4011 1123 4082 launoio

308 4219 465 4274 ornnnoie
524 4219 638 4284 [tuom
662 4215 818 4282 Islnndiae
840 4213 960 4280 ultimo.
985 4215 1095 4280 estin
1118 4213 1258 4303 Europe,
1280 4217 1369 4282 ultre
1389 4215 1527 4284 Norwe·

477 4323 566 4411 giam
598 4321 673 4400 sito,
696 4322 855 4406 perpetue
885 4317 987 4404 glaeie
1019 4317 1218 4390 oondensoto
1240 4319 1276 4384 in
1298 4319 1528 4386 remotioribus

478 4425 548 4512 ejus
582 4422 728 4504 finibus;
775 4421 986 4507 protenditur
1026 4425 1138 4486 eutem
1176 4443 1273 4509 super
1308 4423 1388 4488 litus
1426 4423 1529 4488 Moris

513 4725 598 4792 Ἱππ]
617 4725 690 4789 quod.
724 4723 758 4773 D.
1045 4721 1185 4790 'reprimitJ
1204 4722 1329 4788 repressit.

510 4803 669 4871 ’mpexiq
688 4799 846 4876 eompueuit.
879 4797 945 4849 Bm.
