3590 5844
435 949 502 1016 334
726 961 910 1016 ememus
931 957 1182 1017 ursromsnurr.

269 1153 397 1208 'menie
435 1142 549 1206 turum
572 1137 631 1226 qui
655 1137 843 1204 Romanum
868 1135 1034 1204 obtinebit
1060 1137 1243 1225 imperium.
1290 1136 1342 1202 De
1358 1135 1490 1202 duobus

269 1223 368 1354 tfflgoi

434 1247 548 1308 aurem
584 1237 783 1328 adimplete¹
815 1244 897 1306 suni
926 1239 1067 1321 oracula,
1097 1263 1174 1306 eum
1199 1239 1413 1306 menifestum
1443 1240 1490 1304 sis

270 1355 377 1408 Ashur.
435 1343 608 1432 praeelsros
638 1347 679 1410 ut
707 1342 825 1408 dixisu
855 1343 1027 1430 principes,
1056 1342 1165 1430 Belyn
1195 1347 1297 1430 atque
1324 1341 1490 1408 Constan-

435 1448 547 1512 tinum
576 1446 705 1536 imperii
751 1445 894 1512 Romani
935 1447 1073 1534 gessisse
1102 1446 1255 1534 insignis,
1282 1467 1371 1511 nune
1409 1467 1489 1510 vero

435 1549 573 1616 tertium
592 1549 751 1616 hebemus
773 1549 826 1614 eui
846 1549 976 1614 eulmen
1002 1549 1135 1616 honoris
1161 1549 1388 1636 promitiiiun
1426 1549 1489 1613 fes-

435 1653 508 1717 tine
543 1673 621 1741 ergo
657 1651 800 1740 recipere
832 1651 921 1738 quod
959 1653 1050 1718 Deus
1088 1651 1179 1718 nou¹
1217 1651 1330 1718 differs
1366 1651 1488 1738 largiri,

436 1753 557 1820 festine
589 1755 766 1842 subjugere
805 1755 894 1841 quod
934 1754 1011 1820 uus
1049 1755 1229 1842 subjugari,
1271 1753 1393 1819 festine
1429 1775 1490 1819 nos

437 1879 549 1923 omnes
579 1857 726 1924 exaltare
748 1857 807 1944 qui
837 1861 878 1922 ui
907 1857 1063 1922 exalteris
1089 1879 1150 1924 uec
1180 1856 1319 1922 vulnere
1347 1856 1490 1943 recipere

436 1981 496 2024 nee
525 1961 630 2026 vitem
660 1961 812 2026 emittere
849 1959 1031 2046 diffugiam.
1103 1959 1155 2026 Ue
1185 1963 1298 2025 autem
1327 1958 1389 2023 hoe
1419 1981 1491 2045 per-

436 2061 527 2128 ficies
558 2081 590 2130 L
621 2062 756 2130 milibus
786 2066 988 2128 armatorum
1018 2064 1229 2150 praeseniiam
1267 2065 1361 2128 tuam
1391 2062 1492 2127 eomi-

436 2165 541 2232 tabor.

479 2267 669 2354 Anguselus
698 2289 758 2332 rex
795 2267 957 2346 Albnniae,
989 2272 1028 2332 ut
1059 2265 1187 2332 Hosius
1217 2267 1317 2332 finem
1359 2266 1489 2332 dieendi

435 2369 563 2450 feceret,
581 2370 670 2456 quod
693 2392 791 2458 super
814 2370 876 2436 hee
902 2394 937 2436 re
963 2369 1143 2436 affectabat
1169 2369 1205 2434 in
1235 2371 1323 2435 hune
1353 2370 1487 2436 modum

434 2473 644 2538 manifestere
670 2472 793 2560 incepit
805 2471 914 2537 2-Ex
940 2493 1006 2560 quo
1029 2471 1199 2538 dominum
1222 2495 1331 2538 meum
1350 2493 1389 2538 ea
1415 2495 1490 2558 quae

435 2575 547 2641 dixit³
577 2575 730 2640 efferbere
761 2573 882 2660 conjeci
925 2579 1021 2640 ienis
1058 2574 1179 2640 letitie
1221 2575 1332 2640 animo
1373 2573 1491 2662 illapsa

434 2683 485 2744 esi
499 2683 658 2763 quantem
682 2698 808 2762 nequeo
828 2677 864 2740 in
883 2677 1038 2764 praesenti
1062 2679 1251 2764 exprimere
1283 2677 1377 2742 Nihil
1400 2679 1488 2743 enim

434 2780 469 2844 in
499 2777 674 2844 transactis
704 2778 981 2844 debellationibus
1006 2801 1089 2866 ques
1119 2785 1171 2846 tot
1200 2779 1329 2845 tentis⁴
1358 2779 1490 2866 regibus

434 2881 609 2948 intulimus
645 2879 749 2968 egisse
779 2881 932 2947 videmur
971 2881 1052 2947 dum
1093 2883 1235 2948 Romani
1266 2886 1301 2948 ei
1331 2883 1488 2949 Germani

434 2985 528 3050 illeesi
558 2987 782 3072 permaneam,
807 3006 868 3050 nse
894 2984 930 3050 in
960 2984 1033 3050 illos
1064 2985 1172 3051 eledes
1194 3007 1276 3072 ques
1306 2987 1384 3050 olim
1414 3007 1490 3050 nos-

433 3083 602 3152 tratibus⁶
632 3087 840 3174 ingessenmt
869 3085 1011 3152 vim‘liber
1041 3089 1256 3153 vindicemur.
1316 3087 1365 3152 Ae
1391 3109 1488 3167 nune,

433 3191 589 3276 quoniam
621 3189 717 3254 nobis
747 3187 881 3256 lieentia
909 3190 1140 3278 congrediendi
1165 3191 1379 3278 permibtiiur,
1410 3212 1491 3277 geu-

434 3293 515 3358 dens
538 3291 628 3358 ultre
654 3291 789 3356 modum
820 3291 956 3380 gaudeo,
984 3297 1019 3358 ei
1049 3292 1212 3358 desiderio
1233 3293 1299 3357 diei
1324 3313 1389 3379 quo
1413 3315 1489 3358 con-

433 3395 603 3460 veniemus
649 3399 838 3460 exaesiuens
891 3395 969 3460 sitio
1018 3417 1165 3461 eruorem
1217 3395 1348 3461 illorum
1389 3419 1487 3482 quem

433 3497 611 3564 admodum
636 3496 762 3562 fontem
785 3497 814 3562 si
844 3497 957 3564 triduo
983 3495 1194 3586 prohiberet⁶
1219 3521 1261 3564 ne
1286 3497 1440 3564 biberem.

479 3599 561 3666 Osi
584 3599 675 3664 illem
698 3599 804 3666 lucem
834 3599 975 3668 videbe!
1024 3601 1132 3683 Quem
1163 3599 1273 3668 duleis
1294 3605 1394 3666 erunt
1415 3601 1488 3666 vul·

432 3725 511 3769 nere
544 3725 619 3789 quse
650 3703 705 3770 vel
737 3703 893 3792 recipiam
925 3705 979 3770 vel
1003 3705 1150 3785 inferum,
1181 3703 1313 3791 quando
1336 3705 1490 3770 dextems

433 3827 646 3872 censeremus.
694 3805 772 3894 Ipsa
794 3807 894 3872 etiem
918 3828 1005 3872 mers
1028 3807 1132 3872 duleis
1155 3809 1227 3887 erit,
1253 3809 1333 3872 dum
1356 3829 1429 3873 eam
1452 3809 1488 3872 in

434 3909 633 3976 vindicando
663 3915 774 3997 patres
812 3913 950 3990 nostros,
974 3911 1011 3976 in
1040 3911 1166 3976 tuende
1200 3909 1390 3976 libertatem
1413 3931 1487 3976 nos-

416 4019 531 4094 ‘trem
568 4015 604 4079 in
638 4013 816 4080 exultando
850 4037 959 4102 regem
989 4019 1151 4094 nostrum,
1183 4035 1354 4104 perpessus
1384 4013 1487 4081 fuere.

433 4116 678 4204 Aggrediemur
702 4115 871 4182 semiviros
901 4116 974 4181 illos
1004 4121 1039 4182 et
1061 4117 1282 4205 aggrediendo
1304 4121 1488 4204 persiemus

433 4225 473 4284 ut
495 4217 634 4283 devietis
658 4219 737 4305 ipsis
767 4241 881 4284 eorum
911 4219 1091 4285 honoribus
1121 4243 1195 4286 cum
1219 4219 1299 4286 laeee
1320 4221 1488 4307 potiemur

433 4461 787 4471 Μ*-

466 4641 628 4710 1ιιάἰπιρὶιια]
647 4641 757 4707 implere.
799 4641 865 4693 B.D.
1010 4644 1190 4712 “ementitam
1210 4644 1310 4718 nistib3
1348 4646 1382 4697 A.
1410 4662 1487 4698 ursn-

463 4723 545 4790 ἥκω]
564 4738 614 4774 om.
646 4723 678 4774 B.
979 4725 1053 4776 tibus
1087 4725 1154 4777 B.D.

464 4803 556 4869 'deivirJ
576 4800 629 4856 dii.
665 4801 701 4854 A.
1011 4803 1179 4872 ‘prohibereq
1198 4803 1350 4871 prohiberer.
1375 4805 1442 4860 RD.

465 4882 575 4950 wantis]
594 4889 626 4936 et.
643 4897 728 4949 prem.
763 4881 827 4936 B.D.
