3656 5800
600 805 784 858 nonoerun
807 805 1055 858 nrsrommun.
1284 793 1349 859 295

347 977 413 1058 Qui
435 999 511 1044 cum
533 999 664 1047 causam
687 977 845 1046 inierint¹
870 978 1068 1066 promittent
1090 977 1121 1042 ei
1144 977 1228 1042 duos
1250 977 1350 1064 pedes
1363 995 1488 1061 Thcpro·

301 1080 411 1167 vulpis
434 1087 470 1146 et
503 1101 600 1148 aures
621 1087 658 1148 et
679 1079 828 1164 eandwn
852 1087 887 1148 at
910 1101 952 1148 ex
975 1077 1022 1146 eis
1044 1080 1180 1166 porcina
1201 1079 1351 1146 membra
1362 1062 1481 1182 ffln‘ss

301 1189 517 1272 componente

344 1285 544 1374 Adquiescet
574 1286 654 1376 ipse,
687 1285 905 1376 promissnm⁹
935 1281 1211 1353 restaurationem
1234 1297 1351 1372 arpeo

347 1491 488 1558 Interim
519 1491 692 1560 descendet
714 1491 850 1580 urlpis⁸
882 1493 924 1559 de
957 1491 1126 1559 montibus
1158 1495 1194 1558 et
1224 1489 1351 1558 sesain

301 1591 418 1680 lupum
456 1595 602 1661 mutabit
638 1597 673 1660 et
706 1595 801 1682 qnasi
839 1593 1040 1682 colloquium
1078 1594 1237 1661 habitura
1277 1615 1352 1659 cum

302 1718 383 1782 apro
404 1697 511 1764 adibit
533 1697 628 1763 illum
650 1697 767 1762 callide
793 1696 967 1784 ipsumque
992 1700 1099 1764 totum
1125 1695 1320 1776 devorabit3

347 1795 501 1864 Exinde⁴
535 1804 739 1866 transvertat
768 1819 838 1865 sese
875 1799 911 1864 in
946 1819 1063 1887 aprum
1093 1805 1129 1867 et
1158 1801 1252 1886 quasi
1282 1799 1352 1865 sine

302 1901 457 1966 membris
480 1903 668 1990 expectabit
690 1924 869 1990 germanos,

347 2003 414 2070 Sed
444 2009 479 2071 et
500 2005 589 2092 ipsos
609 2012 784 2093 postquam
812 2006 1009 2072 advenerint
1042 2003 1156 2072 subito
1179 2002 1277 2072 dente
1300 2003 1351 2070 in-

302 2107 443 2174 terficiet
472 2113 574 2194 atque
596 2107 703 2196 capita
726 2109 829 2175 leonis
853 2109 1072 2175 coronabitur.

348 2209 391 2275 In
420 2211 537 2276 diebus
558 2211 629 2298 ejus
650 2217 803 2278 nascetur
826 2231 959 2299 serpens
982 2210 1082 2298 quae⁵
1104 2209 1208 2278 nece⁰
1229 2215 1351 2278 morta·

302 2313 385 2378 lium
414 2315 625 2396 imminebit3
647 2315 853 2402 longitudine
882 2337 943 2380 sua
965 2315 1118 2382 circuibit
1145 2315 1352 2383 londoniam

302 2420 339 2482 et
359 2415 595 2503 quoscunque⁷
617 2421 857 2504 pretereuntes
879 2417 1058 2484 devorabit.

349 2519 414 2585 Bos
443 2525 622 2586 montanus
653 2526 753 2607 caput
791 2519 862 2606 lupi
892 2525 1037 2586 assumet
1064 2520 1246 2606 dentesque
1276 2541 1353 2586 suos

303 2624 340 2690 in
361 2623 486 2690 fabrica
508 2623 658 2691 Sabrina
681 2623 860 2702 dealbabit,

348 2726 535 2793 Associabit
565 2727 629 2792 sibi
659 2747 773 2814 greges
796 2725 1003 2792 Albanorum
1025 2729 1061 2792 et
1083 2723 1275 2793 Kambriae⁸
1297 2727 1354 2813 qui

304 2827 497 2895 Tamensem
518 2829 667 2917 potando
687 2827 863 2895 siccabant.

348 2931 491 2998 Vocabit
523 2933 635 2998 asinus
666 2931 794 2998 hircum
827 2930 966 3019 prolixae
996 2931 1111 2998 barbae
1142 2936 1179 2998 et
1194 2945 1199 2954 '
1214 2931 1354 2998 formem

305 3031 431 3122 ipsins⁰
452 3031 657 3116 mutabit3¹⁰

351 3135 585 3224 Indignabitur
606 3137 713 3224 igitur
734 3133 946 3202 montanus¹¹
980 3145 1163 3222 vocatoque
1184 3133 1263 3223 lupo
1286 3151 1356 3202 cor·

306 3237 405 3305 nna¹⁹
426 3244 543 3305 nurus
564 3237 601 3304 in
623 3239 712 3326 ipsos
735 3235 865 3327 figes?

352 3339 473 3410 Oum¹⁴
494 3347 607 3408 autem
639 3341 781 3410 saevitiae
811 3339 996 3418 indulserit,
1036 3339 1213 3406 devorabit
1244 3361 1357 3407 carnes

307 3467 420 3514 eornm
443 3450 479 3512 at
500 3465 576 3512 ossa
595 3445 654 3512 sed
676 3445 713 3511 in
735 3443 905 3511 cacumine
925 3443 1035 3508 uriam
1059 3441 1266 3508 cremabitur.

353 3549 493 3615 Fauillae
524 3546 648 3636 regis¹⁶
671 3547 895 3612 mutabuntur
917 3545 954 3610 in
976 3563 1108 3633 cygnos,
1133 3544 1192 3631 qui
1214 3545 1250 3610 in
1273 3545 1356 3613 sicco

307 3651 401 3738 qnasi
423 3651 460 3716 in
482 3649 622 3716 flmnine
643 3651 835 3728 natabunt;

352 3753 571 3819 Devorabunt
592 3753 696 3840 pisces
730 3754 767 3818 in
800 3751 944 3838 piscibus
968 3756 1003 3817 et
1024 3750 1179 3817 homines
1195 3747 1233 3815 in
1254 3749 1359 3815 homi·

307 3855 407 3923 nibus
428 3855 627 3945 deglutient.

346 4079 476 4146 ¹iniaiat]
496 4078 599 4130 inerint.
645 4078 711 4129 Β.1).
890 4073 1050 4140 ⁸Kambeioe]
1065 4073 1198 4126 Cambrioe.
1233 4073 1264 4124 Β.

342 4157 517 4226 ²prcmiamm]
536 4173 592 4223 que.
605 4159 661 4208 add.
696 4157 761 4207 B.D.
890 4154 1003 4220 ἰ’μσὶιιε]
1023 4154 1078 4218 ipsi.
1113 4154 1178 4205 B.D.

342 4237 456 4305 ’ταμίη
475 4237 588 4289 written
616 4237 644 4286 in
669 4249 749 4302 marg.
778 4236 812 4285 A.
889 4234 1033 4300 ”muobitJ
1051 4234 1182 4286 mutuabit
1216 4235 1282 4286 B.D.

309 4316 381 4384 lupus
391 4317 469 4382 being
479 4315 674 4368 antoninae
689 4322 745 4366 text
763 4317 814 4366 and
888 4317 903 4346 ¹¹
916 4315 1056 4382 montane]
1069 4317 1121 4366 bos.
1135 4315 1193 4366 add
1226 4315 1260 4367 D.

312 4395 474 4461 subpnncted
887 4395 1021 4461 ’Ἧι-Μ]
1034 4402 1160 4446 cornutus.
1194 4393 1259 4445 B.D.

344 4472 476 4539 ‘Eaeiadd
494 4474 571 4525 Exin.
589 4474 623 4525 A.
641 4473 719 4526 Exin.
747 4468 812 4525 RD.
889 4476 906 4504 ¹³
910 4474 985 4541 fiper]
1004 4473 1087 4525 saciet
1122 4473 1153 4524 B.
1188 4473 1231 4524 the
1250 4489 1267 4524 a
1285 4475 1360 4526 mdc

343 4553 431 4618 Ἢν]
450 4553 503 4618 qni.
538 4553 572 4604 D.
855 4555 1019 4618 snbpmeted.
1037 4553 1088 4604 fiet
1122 4553 1156 4603 D.

343 4632 436 4698 ἰασ]
455 4633 521 4684 neci.
545 4633 613 4684 B.D.
889 4634 906 4663 ¹¹
921 4633 999 4700 stem]
1016 4633 1059 4684 Ut.
1094 4633 1160 4684 Bu).

345 4711 528 4778 'qnmaaqnd
549 4727 667 4777 quosque.
701 4711 767 4763 RD.
889 4715 906 4744 ¹³
917 4713 995 4778 repis]
1015 4713 1078 4778 rogi.
1114 4713 1180 4763 B.Du
