3590 5844
555 917 740 968 rumorum
762 919 1011 974 mammarum
1244 913 1309 978 :³53

257 1085 337 1156 hino
360 1095 396 1157 et
418 1090 496 1158 inde
520 1101 663 1161 catervae
687 1099 721 1160 et
745 1093 820 1162 sese'
840 1097 959 1162 mutuo
981 1101 1193 1184 penetrantes
1217 1123 1308 1167 max-
1322 1106 1451 1159 TheHis·

256 1191 357 1258 imam
387 1195 559 1282 pugnam¹
584 1197 758 1264 lacescunt.
1321 1176 1420 1306 ffiff

300 1294 358 1362 Fit
387 1297 501 1384 itaque
538 1300 724 1366 miseranda
745 1301 848 1366 coedes
878 1302 966 1368 inter
996 1324 1050 1369 eos
1082 1325 1157 1370 cum
1179 1306 1426 1372 summoArthur·

254 1396 404 1478 clamore,
428 1405 463 1467 et
493 1405 615 1468 tenum
646 1403 768 1468 vertice
799 1403 980 1470 mlmueis²
1003 1405 1171 1492 pulsantes
1201 1407 1307 1472 vitam

254 1521 329 1564 cum
359 1504 519 1590 sanguine
548 1505 584 1569 in
606 1511 746 1591 utraque
776 1509 870 1592 parte
909 1512 1069 1573 eructant.
1116 1507 1180 1574 Sed
1215 1510 1307 1596 prius

252 1601 410 1670 damnum
434 1606 628 1673 Britonibus
659 1607 790 1673 illatum
824 1612 883 1684 est,
908 1609 988 1694 quia
1019 1609 1199 1676 Bedwerus
1233 1613 1308 1698 pin-

252 1727 350 1772 cerna
386 1714 575 1798 peremptus
612 1710 700 1788 fuit,⁸
730 1715 765 1777 et
804 1709 923 1796 Kayus
971 1711 1100 1800 dapifer
1137 1713 1339 1793 lethaliter,

253 1808 453 1876 vulneratus.
515 1812 602 1878 Nam
633 1813 711 1878 dum
740 1813 920 1878 Bedwerus
951 1813 1054 1880 Botto
1084 1815 1154 1902 regi
1194 1815 1307 1881 Medo-

254 1911 350 1977 rum⁴
372 1913 532 1994 obviaret,
557 1915 672 1980 lancea
708 1914 779 2000 ejus
817 1916 853 1980 in
891 1915 970 2002 gula
1011 1917 1178 1982 confossus
1217 1918 1307 1983 inter

251 2012 361 2080 hostes
385 2017 595 2105 peremptus⁵
618 2017 767 2099 interiit;
798 2016 916 2104 Kayus
939 2021 1050 2084 autem
1073 2018 1208 2105 dapifer,
1225 2018 1307 2084 dum

251 2116 361 2203 ipsum
405 2119 571 2187 vindicare
609 2125 790 2200 conaretur,
817 2119 931 2185 inira⁰
970 2119 1144 2186 Medorum
1181 2125 1308 2187 turmas

251 2221 470 2288 circumdatus
501 2223 621 2289 lethale
653 2222 774 2288 vulnus
796 2223 920 2308 recepit
934 2221 957 2302 ;⁷
980 2223 1038 2308 qui
1070 2228 1192 2304 tamen,
1217 2241 1308 2288 more

252 2321 331 2387 boni
364 2325 488 2403 militis,
512 2347 586 2392 oum
617 2323 703 2390 alia⁸
725 2347 826 2410 quam
859 2324 1001 2390 ducebat
1032 2325 1122 2389 viam
1147 2325 1305 2411 aperiens,

251 2425 342 2491 caesis
373 2433 407 2492 et
429 2426 595 2513 dissipatis
619 2425 736 2504 Medis,
769 2447 839 2490 sess
869 2426 957 2491 infra
990 2447 1066 2492 suos
1099 2427 1231 2513 integra
1255 2449 1307 2494 ca-

251 2533 346 2593 terva
367 2530 550 2617 recepisset,
577 2527 668 2594 nisi⁰
683 2530 719 2593 in
742 2528 877 2593 obviam
900 2528 1046 2594 venisset
1068 2529 1195 2616 agmini
1218 2529 1306 2615 regis

251 2629 377 2716 Libya,
402 2631 495 2717 cujus
529 2630 669 2718 irruptio
699 2629 773 2696 illos
803 2651 886 2716 quoe
917 2629 1058 2696 ducebat
1082 2632 1216 2696 omnino
1241 2631 1306 2696 dis-

249 2733 412 2824 gregavit,
444 2739 622 2820 utrumque
634 2731 659 2770 ¹⁰
690 2737 804 2797 tamen
835 2753 911 2797 oum
944 2733 1056 2818 paucis
1099 2731 1307 2799 retrocedens

251 2835 294 2901 ad
316 2859 453 2902 aureum
478 2836 615 2923 diffugit
638 2835 811 2902 draconem
836 2856 911 2900 cum
934 2855 1068 2921 corpore
1092 2835 1251 2901 Bedweri.

293 2939 322 3004 Ο
346 2943 472 3024 quanta
493 2937 692 3004 lamentatio
716 2937 977 3002 Estrusiensium
1009 2937 1090 3002 dum
1113 2959 1231 3024 corpus
1254 2938 1307 3004 sui

250 3041 341 3107 ducis
364 3046 417 3106 tot
431 3041 626 3106 vulneribus
648 3039 849 3104 dilaniatum
872 3039 1077 3124 aspicerent!
1117 3039 1306 3126 Oquantos

250 3141 543 3229 Andegauensium
577 3141 730 3228 planctus
754 3139 832 3204 dum
864 3139 944 3204 Kaii
978 3139 1120 3206 consulis
1151 3141 1202 3206 sui
1233 3142 1305 3206 vul-

249 3265 329 3309 nera
359 3243 511 3330 plurimis
546 3242 653 3308 modis
679 3245 883 3306 tractarent!
931 3239 997 3306 Sed
1027 3261 1094 3306 non
1122 3263 1204 3329 opus
1233 3248 1306 3308 erat

249 3346 383 3432 querela
405 3346 485 3431 quia
506 3344 653 3430 undique
675 3342 938 3430 sanguinolentae
961 3341 1046 3408 acies
1076 3348 1193 3408 mutuo
1220 3344 1307 3409 irru-

248 3455 340 3514 entes
378 3469 445 3514 non
483 3446 724 3534 permittebant
755 3443 934 3532 spatium¹¹
973 3445 1124 3532 praedicti
1161 3446 1306 3532 gemitus

251 3551 333 3638 quin
356 3551 443 3638 ipsos
465 3549 509 3616 ad
532 3548 774 3616 defendendum
800 3569 869 3612 sese
892 3547 1081 3634 coegissent

295 3651 487 3740 Hireigus,¹⁹
521 3673 622 3738 nepos
660 3650 819 3728 Bedweri,
854 3650 945 3714 ultra
984 3649 1120 3716 modum
1150 3649 1193 3715 ob
1219 3671 1305 3715 mor-

248 3761 317 3822 tem
350 3756 455 3842 ipsius
489 3759 673 3820 commotus
695 3770 766 3818 oce.
790 3773 924 3818 suorum
955 3753 1019 3818 sibi
1053 3751 1236 3830 associavit,
1260 3759 1304 3832 et,

249 3859 340 3925 velut
378 3879 458 3944 aper
492 3856 579 3923 infra
618 3861 763 3924 turmam
810 3875 929 3921 canum
973 3855 1137 3934 frendens,
1162 3855 1209 3919 sic
1246 3877 1305 3940 per

246 4087 402 4099 vvvvvvvvv
407 4087 692 4102 --u—-p-——w-—ffl--u

282 4252 429 4302 ¹mcrimnm
438 4251 558 4318 paenam]
578 4267 627 4301 om.
661 4250 727 4300 BD.
833 4234 919 4301 'amq
933 4250 996 4285 ⁰⁰¹'¹'·
1012 4235 1076 4285 ⁸¹⁸?

282 4331 438 4396 ’caleaneiq
458 4339 489 4382 et.
513 4345 598 4394 prtem.
623 4329 687 4378 BJ).
836 4341 917 4406 ἠῶ]
931 4340 983 4390 ubi.
1019 4339 1050 4388 B,

248 4410 512 4540 Bppmpm'fm]
532 4410 694 4474 interemptus
709 4415 753 4458 est.
835 4447 854 4476 ‚⁰
863 4444 998 4510 umque]
1013 4451 1145 4508 umque·
1162 4442 1227 4493 ul).
1250 4457 1304 4493 001,-

274 4528 290 4597 '⁴
305 4529 446 4635 mecam]
466 4585 514 4620 om.
548 4568 613 4618 no.
799 4527 882 4578 “md
894 4524 921 4574 ³¹¹
934 4525 964 4574 Β·

282 4649 451 4738 ’ῌΕΓΜΡΜ
471 4649 640 4712 interemptus.
676 4646 707 4695 D.
833 4619 849 4740 :¹
861 4615 981 4758 mm]
995 4615 1038 4666 ei&
1061 4629 1146 4720 prum.
1180 4614 1247 4664 B.D.

283 4726 384 4791 unfra]
403 4734 476 4775 mter.
510 4725 575 4776 BJ).
890 4725 912 4757 er
932 4707 991 4774 yar]
1009 4707 1142 4772 Herrlglas.
1167 4704 1199 4754 D.
1229 4703 1302 4755 Noa.

285 4804 407 4870 τνεεφίτ]
422 4805 524 4876 accepia
559 4805 622 4860 al).
799 4801 825 4852 in
837 4815 916 4866 marg.
951 4798 1019 4849 A.D.

338 4901 419 4958 ΥΟΕ.
445 4901 485 4957 11.
1151 4891 1171 4940 Ζ
