3590 5844
525 897 708 950 nunoewrr
731 895 979 950 nrsronnteura
1209 885 1277 954 357

231 1072 333 1137 tiores
353 1075 458 1152 erant,
470 1071 665 1140 tributarios
679 1071 845 1142 feeeruntl
891 1071 1094 1139 Mementote
1109 1071 1275 1138 libertatis
1287 1053 1344 1187 ἒξ
1355 1055 1416 1174 3³⁸·

228 1179 347 1240 vestrae
370 1196 469 1260 quam
492 1176 639 1242 semiviri
661 1175 719 1243 isti
748 1181 783 1242 et
803 1174 915 1243 vobis¹
940 1173 1114 1242 debiliores
1143 1174 1274 1240 demere
1287 1187 1351 1252 king

227 1275 404 1343 affectanti
458 1277 513 1344 Ne
549 1278 648 1345 abeat
685 1279 773 1344 ullus
803 1279 912 1360 vivus,
943 1300 986 1344 ne
1022 1277 1129 1343 abeat
1185 1275 1276 1357 Quid
1288 1255 1391 1310 mm·

226 1379 359 1445 facitis?
403 1380 488 1446 Haeo
511 1385 547 1447 et
576 1381 642 1447 slis
668 1381 880 1448 vociferando
910 1381 1060 1447 irruebat
1089 1380 1125 1444 in
1155 1380 1276 1460 hostes,

226 1481 464 1568 prosternebat,
490 1483 646 1562 caedebat,
677 1489 712 1550 et
741 1485 934 1570 ouioumque
958 1482 1117 1550 obviabat
1141 1487 1202 1547 aut
1227 1482 1278 1570 ip-

227 1606 301 1650 sum
327 1589 387 1650 aut
409 1585 513 1672 ipsius
537 1609 657 1672 equum
683 1608 750 1652 uno
780 1586 850 1653 iotu
880 1585 1111 1652 interficiebat.
1166 1584 1278 1650 Diffu-

227 1687 365 1774 giebant
379 1709 456 1775 ergo
471 1689 588 1775 ipsum,
605 1689 699 1755 velut
712 1689 833 1756 belluae
855 1690 997 1755 ferocem
1019 1688 1156 1765 leonem,
1179 1709 1278 1774 quem

227 1811 317 1855 saeva
338 1790 440 1856 fames
462 1790 669 1858 instimulat⁹
691 1791 735 1858 ad
757 1792 984 1858 devorandum
1005 1789 1163 1878 quioquid
1185 1811 1279 1856 casus

227 1891 411 1971 subvertet,
441 1915 533 1959 arma
561 1917 620 1960 sua
648 1893 733 1959 nihil
763 1893 811 1959 eis
841 1891 1056 1982 proficiebat³
1079 1893 1160 1979 quin
1190 1891 1280 1958 oali·

227 1994 354 2060 burnus
377 1995 496 2062 dextra
510 2002 580 2062 tam
594 1996 736 2063 virtuosi
756 1995 845 2084 regis
869 1995 1022 2063 vibratus
1044 2000 1176 2082 cogeret
1191 1995 1280 2082 ipsos

227 2098 355 2164 animas
377 2120 452 2164 oum
473 2100 633 2186 sanguine
656 2104 814 2167 eructare.

273 2201 365 2267 Duos
386 2223 488 2288 reges,
504 2202 637 2283 scilieet,
653 2202 837 2268 Sertorium
862 2200 988 2288 Libyae,
1007 2201 1201 2268 Polietetem
1225 2201 1280 2265 Bi-

228 2303 363 2390 thyniae,
387 2304 522 2370 abscisis
536 2305 710 2392 oapitibus,
726 2305 769 2370 ad
784 2304 924 2370 Tartara
947 2304 1078 2370 direxit.
1125 2303 1281 2368 Britones

228 2405 332 2492 igitur
354 2427 463 2494 regem
487 2429 583 2472 suum
605 2407 641 2471 in
663 2406 753 2473 huna
777 2406 915 2472 modum
939 2404 1106 2472 desertam
1129 2405 1281 2470 videntes

228 2508 386 2594 majorem
409 2509 582 2574 audaciam
605 2507 804 2596 capessunt,⁴
819 2508 989 2574 Romanos
1005 2509 1209 2574 unanimiter
1231 2509 1282 2572 in·

227 2609 366 2690 vadunt,
383 2611 522 2676 densata
543 2615 680 2677 caterva
700 2610 868 2696 inqedunt‚
884 2614 919 2676 et
937 2611 1018 2674 dum
1039 2632 1082 2675 ex
1096 2631 1164 2675 una
1186 2616 1281 2696 parte

227 2712 393 2798 pedestres
416 2712 478 2779 hoo
501 2713 598 2778 modo
620 2711 825 2790 infestarent,
845 2718 1011 2798 equestres
1034 2734 1077 2778 ex
1099 2711 1166 2778 alia
1185 2716 1281 2799 parte

227 2820 432 2902 prosternere
454 2818 490 2880 et
510 2820 684 2902 penetrare
706 2814 920 2880 conabantur.

274 2917 447 2983 Resistunt
484 2923 597 2984 autem
632 2917 751 2984 aeriter
783 2917 933 2998 Romani,
964 2919 1000 2982 et
1033 2916 1163 2983 monitu
1187 2916 1281 2982 Lucii

228 3017 365 3084 illustris
397 3019 484 3106 regis
513 3019 620 3085 vioem
650 3019 753 3085 illatae
785 3019 887 3084 cladis
917 3019 1112 3084 Britonibus
1145 3019 1281 3085 reddere

228 3120 408 3186 elaborant.
453 3119 563 3186 Tanta
585 3121 690 3207 igitur
716 3120 753 3185 vi
774 3121 810 3185 in
833 3125 974 3206 utreque
1000 3125 1095 3207 parte
1115 3130 1282 3208 pugnatur

227 3243 268 3288 ao
289 3221 319 3290 si
341 3233 421 3288 tune
442 3221 588 3309 primum
610 3218 781 3288 recenter⁵
803 3223 1016 3288 convenirent
1028 3247 1037 3304 ;
1067 3221 1143 3288 hino
1169 3228 1281 3289 autem

228 3325 396 3390 Arthurus
431 3323 560 3411 saepius,
596 3327 637 3388 ut
663 3323 859 3411 praedictum
884 3328 943 3403 est,
968 3322 1178 3410 percutiens,⁰
1208 3324 1281 3390 Bri-

228 3431 323 3492 tones
351 3425 395 3492 ad
426 3426 643 3514 perstandum
675 3423 872 3492 hortabatur
887 3423 909 3507 3⁷
939 3425 1030 3494 illine
1051 3447 1130 3493 vero
1162 3426 1282 3493 Lucius

230 3527 397 3594 Romanos
434 3549 510 3594 suos
548 3527 706 3594 monebat
744 3533 779 3594 et
816 3527 853 3594 in
890 3529 1062 3615 praeclaras
1099 3529 1282 3618 probitates

228 3629 425 3696 multotiens
462 3629 613 3712 dneebat,
645 3651 705 3698 nee
737 3631 808 3718 ipse
839 3630 989 3698 oessabat
1021 3631 1117 3699 ferire
1151 3633 1209 3698 sed
1245 3633 1282 3697 in

234 3755 348 3799 omnes
386 3737 497 3821 partes
529 3739 657 3830 turmas
687 3733 759 3820 ejus
790 3734 1021 3800 circumeundo
1048 3757 1285 3822 quemeumque

230 3835 360 3902 hostem
401 3857 494 3902 casus
536 3835 697 3902 offerebat
727 3836 781 3902 vel
819 3837 933 3903 lancea
963 3836 1018 3903 vel
1056 3837 1168 3925 gladio
1198 3838 1282 3926 peri-

229 3937 352 4004 mebat.

274 4039 393 4106 Fiebet
414 4039 527 4127 itaqua
553 4040 590 4106 in
610 4047 750 4126 utraque
772 4045 867 4128 parte
889 4041 994 4108 oeedes
1023 4042 1183 4123 inaudita,
1205 4041 1284 4128 quis

230 4142 429 4230 quandoque
467 4141 634 4210 Romani⁸
670 4164 766 4210 versa
798 4143 871 4210 vioe
911 4145 1144 4232 praevalebant
1205 4144 1284 4210 Pos-

229 4250 341 4312 tremo
375 4244 456 4310 dum
508 4245 588 4311 talis
625 4243 807 4312 deoartetio
843 4247 931 4312 inter
967 4268 1022 4314 eos
1067 4245 1170 4327 fieret,
1211 4267 1283 4312 eeoe

262 4499 361 4571 ¹atta]
375 4504 456 4557 noes.
489 4503 557 4555 no.
814 4506 951 4574 uma]
969 4521 1018 4558 one
1052 4507 1118 4560 no.

229 4581 430 4713 affabili]
443 4583 561 4635 stemus„
584 4581 616 4634 n.
640 4581 728 4634 mmu-
813 4612 982 4680 Μῶα]
1001 4611 1092 4664 saer.
1116 4627 1202 4678 pram.
1218 4609 1284 4666 Μ).

263 4739 621 4807 ammpqpmfiojebm
654 4741 718 4791 BD·
813 4717 989 4785 'hortabaturJ
1008 4717 1128 4770 hortatur.
1162 4715 1227 4770 B.D.

265 4820 429 4887 ‘capanna
448 4827 614 4886 espuwrom.
648 4819 714 4872 Bm.
814 4825 955 4894 'Romaaq
974 4825 1098 4880 Britoner.
1130 4825 1195 4877 m).
