3656 5800
491 835 556 902 210
791 852 973 906 amnomu
995 851 1243 908 nrsroauauu

322 1025 454 1078 ahenis·
489 1025 716 1106 inhabitaret3
748 1027 805 1113 qui
840 1026 925 1092 nihil
958 1025 1166 1094 invenientes
1203 1028 1270 1094 nisi
1296 1026 1390 1108 feras,
1437 1023 1540 1111 quas¹

323 1103 379 1159 tory
390 1095 422 1146 ol

321 1162 408 1216 Brute.

489 1132 577 1196 aaede
599 1151 721 1217 magna
742 1130 901 1212 afficiunt,
917 1137 1081 1198 venerumt
1102 1155 1180 1220 crgo
1202 1133 1247 1198 ad
1262 1131 1439 1218 quamdam
1462 1130 1543 1198 civi-

489 1238 594 1299 tatsm
618 1233 789 1312 desertam,
813 1235 849 1298 in
872 1255 938 1320 qua
960 1235 1122 1320 templum
1145 1233 1265 1300 Diauae
1287 1232 1541 1322 rep[er]erunt.²

490 1335 534 1400 In
557 1335 671 1401 eodem
694 1336 803 1424 imago
835 1335 905 1404 deae
936 1358 1092 1423 responsa
1115 1337 1225 1418 dabat,
1249 1337 1278 1404 si
1309 1337 1395 1404 forte
1417 1336 1460 1404 ab
1483 1337 1542 1402 ali-

491 1460 556 1526 quo
578 1443 753 1526 peteretur.
800 1439 938 1506 Onerati
962 1461 1040 1506 vero
1062 1441 1241 1508 venatione
1262 1444 1477 1508 revertuntur
1499 1439 1542 1504 ad

491 1563 599 1622 naves,
632 1543 749 1630 patriae
783 1541 885 1608 situm
916 1547 952 1610 et
986 1543 1157 1610 civitatem
1188 1544 1284 1610 sociis
1317 1543 1499 1630 pradicant
1512 1541 1542 1623 ;θ

491 1651 674 1734 suggerunt
697 1645 773 1711 duci
795 1646 957 1733 templum
989 1645 1080 1712 adira
1102 1651 1203 1732 atque
1226 1669 1247 1714 a
1269 1647 1331 1712 dea
1352 1646 1410 1711 illa
1430 1645 1541 1732 inqui·

490 1771 561 1816 rere
584 1771 657 1836 quos
681 1749 789 1836 patria
820 1749 867 1815 eis
893 1749 1003 1814 sedem
1036 1753 1134 1817 certae
1169 1749 1348 1816 mansionis
1371 1749 1541 1836 praeberet.

492 1851 620 1918 Habito
643 1851 790 1918 omnium
813 1872 947 1918 assensu
970 1851 1096 1917 Brutus
1118 1854 1296 1940 assumpsit
1318 1873 1427 1918 seeum
1450 1851 1542 1918 Geri-

491 1977 588 2020 onem
609 1976 766 2042 augurem
781 1958 817 2020 et
839 1971 900 2020 ΧΠ.
915 1954 1054 2041 majores
1069 1959 1161 2036 natu,
1177 1955 1362 2042 petivitque
1380 1955 1541 2042 templum

491 2083 566 2128 cum
584 2059 687 2150 [eis]‘
709 2059 806 2148 quae⁶
827 2063 871 2127 ad
894 2061 1091 2127 sacrificium
1114 2063 1297 2128 necessaria
1319 2065 1422 2128 eraut.
1469 2060 1542 2140 Quo

490 2165 549 2229 ubi
571 2169 711 2230 ventum
735 2169 785 2229 est
819 2169 897 2229 ante
929 2164 1059 2229 aditum
1092 2170 1227 2230 vetusto
1248 2166 1318 2230 ritu
1341 2163 1448 2230 tribus
1470 2164 1542 2244 diis,

489 2267 621 2344 scilicet,
645 2267 735 2344 dcvi,
754 2267 925 2344 Mercurio,
943 2272 977 2332 et
1002 2265 1127 2344 Diania,
1146 2271 1213 2333 tres
1236 2267 1324 2334 focos
1346 2271 1541 2332 statuerunt.

490 2369 638 2456 Singulis
661 2370 792 2456 singula
814 2369 975 2436 libamina
999 2370 1170 2436 dederunt.
1217 2369 1294 2457 Ipse
1317 2370 1442 2436 Brutus
1465 2375 1543 2436 ante

489 2494 581 2538 aram
597 2473 667 2538 dese
689 2495 750 2538 vas
781 2472 938 2551 sacrificii,
962 2474 1095 2561 plenum
1118 2473 1198 2539 vino
1231 2479 1266 2538 et
1288 2474 1447 2559 sanguine
1469 2495 1544 2538 cau-

491 2576 578 2642 dida
611 2597 724 2653 cervae,
748 2575 867 2641 dextra
898 2579 1016 2642 terem
1048 2581 1156 2642 erecto
1194 2576 1293 2642 vultu
1326 2577 1370 2642 ad
1404 2574 1543 2662 effigiem

490 2678 621 2760 Dianae,
639 2679 776 2754 ‘silentio
799 2679 963 2766 imposito,
988 2679 1025 2744 in
1047 2679 1118 2746 haec
1141 2679 1244 2744 verba
1267 2679 1419 2744 dissolvit
1430 2703 1485 2744 :-

536 2806 648 2873 Diva6
669 2811 788 2895 potens
810 2829 990 2884 nemorum,
1014 2811 1121 2873 terror
1142 2806 1348 2872 silvestribus
1371 2807 1468 2896 apris,

581 2909 644 2976 Oui
667 2911 746 2977 licet
769 2909 948 2976 amfractus
971 2909 1020 2974 ire
1042 2931 1102 2998 per
1124 2910 1305 2990 aethereos3

535 3011 772 3100 Infernasque⁷
796 3013 912 3080 domos
936 3013 1110 3078 terrestria
1128 3013 1206 3100 jura
1227 3012 1363 3090 resolve,

486 3115 490 3122 '
579 3115 626 3182 Et
648 3116 701 3181 dic
724 3137 806 3203 quas
828 3120 932 3181 terras
953 3137 1013 3181 nos
1035 3114 1187 3182 habitare
1208 3116 1312 3196 velis;

534 3217 599 3284 Dic
622 3223 746 3284 certam
769 3219 880 3285 sedem
903 3239 969 3306 qua
991 3223 1026 3284 te
1049 3219 1232 3284 venerabor
1253 3219 1290 3282 in
1312 3239 1430 3298 aevum,

580 3321 655 3404 Qua
677 3322 741 3387 tibi
764 3321 925 3409 virgineis
948 3321 1073 3410 templa
1096 3321 1210 3388 dicabo
1233 3322 1346 3388 choris.

533 3451 582 3520 At
606 3449 704 3518 cum⁸
727 3451 843 3516 novies
867 3449 963 3528 dixit,
989 3455 1109 3536 quater
1132 3472 1224 3516 aram
1247 3449 1408 3532 circuivit,
1429 3451 1546 3518 vinum

489 3554 580 3642 quod
603 3553 741 3622 tenebat
763 3554 799 3620 iu
821 3553 892 3620 foco
914 3550 1108 3642 transjecit,⁹
1130 3557 1230 3640 atque
1253 3553 1428 3641 procubuit
1450 3576 1547 3642 super

491 3656 610 3744 pellem
645 3657 795 3724 candida
831 3677 944 3734 cervae,
968 3677 1068 3741 quam
1103 3660 1181 3722 ante
1214 3677 1306 3721 aram
1340 3657 1545 3740 extenderat,

488 3761 697 3847 invitatoque
708 3757 734 3797 ¹⁰
756 3781 871 3825 somno
906 3758 1042 3824 taudem
1080 3758 1290 3826 obdormivit.
1346 3759 1429 3824 Erat
1466 3764 1547 3826 tunc

489 3863 584 3952 quasi
606 3863 687 3928 hora
709 3863 816 3928 noetis
839 3859 949 3939 tertia,
966 3882 1031 3948 qua
1054 3859 1193 3928 dulciori
1217 3883 1332 3948 sopore
1343 3859 1366 3898 ¹¹
1391 3859 1544 3928 mortales

496 4082 701 4090 ....-...-----—
707 4083 802 4088 -.—---
809 4083 814 4088 .
820 4081 1250 4090 m-u-—u-—n--m--Q—

524 4220 618 4287 'aaut
632 4221 694 4272 ua
728 4219 793 4271 B·1>·
1075 4233 1272 4302 asanaa]
1286 4219 1515 4303 numaque.

522 4300 696 4368 ²rapereruat]
710 4307 834 4366 repetunt.
863 4297 898 4350 Α.
924 4315 993 4368 repe-
1073 4330 1083 4358 .
1094 4328 1160 4395 cum]
1174 4335 1266 4379 tmen·
1302 4329 1333 4380 Ο,

489 4387 583 4432 rerunt.
617 4379 683 4430 B.D.

524 4461 534 4490 ι
540 4458 692 4526 predicant]
714 4459 860 4525 papam
894 4461 960 4512 RD·
1072 4434 1234 4502 'transjecifl
1248 4433 1377 4486 transient.
1412 4433 1446 4540 C:¹

524 4541 592 4606 Ιιίε]
611 4555 660 4590 om
694 4539 759 4592 A.O.
939 4537 943 4546 '
1073 4540 1092 4571 ¹·
1103 4540 1261 4606 invitatoque]
1297 4539 1404 4591 invitato
1420 4555 1444 4604 q.
1478 4537 1513 4591 A.

525 4619 611 4686 ιᾳιιαε]
631 4619 852 4670 interlinedinA.
1039 4619 1216 4684 invitatoque.
1251 4619 1280 4671 O.

524 4698 633 4750 ‘Oratio
661 4699 735 4750 Bmti
760 4699 792 4748 ad
819 4699 937 4750 Dianam.
966 4700 999 4749 in.
1073 4713 1089 4744 n
1101 4713 1199 4779 mm]
1213 4727 1307 4765 somno·
1342 4711 1407 4764 Μ),

491 4795 570 4846 marg.
583 4779 652 4834 A.D.
686 4779 783 4832 Vesus
794 4779 821 4830 in
832 4793 912 4846 marg.
947 4779 999 4831 D.-
