3656 5800
458 891 524 960 256
748 909 930 960 umeorun
956 907 1207 960 umronnums

455 1107 569 1152 everso
599 1083 702 1164 dorso,
727 1085 775 1152 uit
806 1083 1020 1172 Androgeus:
1057 1083 1131 1150 Hoo
1153 1083 1258 1149 solum
1288 1087 1402 1172 paetus
1432 1105 1506 1150 sum

454 1189 528 1268 tibi,
561 1193 599 1254 ut
631 1187 825 1253 Caesibulun
851 1187 916 1254 tibi
953 1186 1167 1253 tributarium
1204 1186 1397 1266 redderem3
1435 1208 1506 1252 eooe

455 1291 564 1357 vietus
598 1295 649 1354 est
672 1289 871 1368 Oassibelen,
906 1295 941 1356 et
975 1289 1151 1355 Britannis
1181 1289 1246 1354 tibi
1276 1289 1401 1354 auxilio
1435 1311 1508 1356 meo

455 1397 597 1462 subdit-u
653 1395 687 1462 N
690 1395 750 1462 olit
781 1395 919 1462 Orestor
948 1396 1097 1462 omnium
1127 1401 1167 1461 ut
1197 1394 1368 1461 dominnm
1397 1417 1507 1462 meum

457 1498 711 1566 misericordium
747 1520 855 1564 meum
884 1503 1052 1586 petentem
1082 1499 1124 1564 de
1154 1497 1278 1584 injurie
1303 1497 1385 1562 mihi
1415 1497 1509 1565 illuto

452 1602 619 1688 justitiam
651 1599 841 1667 offerentem
871 1601 981 1688 potiar
1010 1601 1047 1666 in
1075 1601 1220 1667 vinculis
1251 1621 1399 1686 unquam
1433 1601 1507 1666 vin·

457 1705 526 1770 oiri.
574 1704 653 1769 Non
676 1704 764 1769 enim
787 1703 860 1770 leve
882 1709 933 1770 est
963 1703 1155 1771 Oessibulnn
1176 1703 1360 1770 interficere
1382 1725 1435 1770 me
1457 1704 1508 1768 vi-

456 1813 564 1885 vente,
590 1807 643 1872 oui
664 1807 827 1872 auxilinm
856 1829 965 1872 meum
988 1807 1123 1872 reddere
1147 1828 1216 1873 non
1237 1805 1424 1872 erubescam
1442 1806 1509 1872 nisi
1573 1869 1578 1877 .

457 1909 593 1975 oonsilio
616 1931 688 1974 meo
711 1909 881 1996 parueris?

290 2047 376 2098 Cesar
502 2012 632 2078 Timore
663 2012 827 2100 Androgii
857 2011 1030 2100 mitigatus
1054 2013 1166 2080 Cesar
1195 2011 1406 2078 concordavit
1435 2034 1509 2078 oum

266 2113 432 2230 ww·
458 2113 649 2182 Oassibslon
683 2137 830 2180 annuum
861 2115 1025 2180 tributum
1047 2115 1090 2180 ub
1112 2137 1150 2180 eo
1173 2113 1379 2202 recipiendo.¹
1428 2115 1510 2180 Erat

289 2183 424 2298 ffibain
457 2217 546 2283 enim
577 2218 720 2304 vectigal
757 2218 888 2304 argenti
925 2218 992 2282 trie
1029 2219 1122 2282 milio
1155 2217 1321 2283 librarum.
1377 2217 1509 2284 Exinde

289 2314 429 2431 mem
458 2320 555 2385 omioi
578 2320 656 2386 fecti
678 2325 758 2386 sunt
782 2320 892 2386 Julius
916 2319 1026 2386 Cesar
1041 2325 1076 2386 et
1092 2319 1509 2406 Oassibulnnmutuoque'

289 2457 315 2498 to
325 2447 387 2507 him,
459 2423 596 2488 doneris.
619 2423 819 2489 alteralteri
843 2422 1014 2488 dederunt
1061 2423 1191 2488 Deinde
1214 2423 1375 2488 hiemavit
1398 2422 1511 2488 Caesor

290 2511 429 2629 1}an
457 2523 495 2590 in
519 2523 750 2590 Britanninm³
772 2529 807 2590 et
837 2525 994 2590 redeunte
1024 2547 1101 2592 vere
1125 2525 1354 2592 transfretavit
1378 2524 1509 2591 Gallias

289 2589 445 2697 aidmriiims
459 2626 659 2692 Succedente
688 2627 898 2712 postmodum
927 2633 1074 2714 tempore
1105 2626 1246 2694 eolieetis
1268 2649 1311 2693 ex
1341 2627 1431 2693 omni
1453 2651 1511 2714 ge·

289 2723 315 2764 ¹⁰
328 2713 414 2764 Bm·
458 2751 534 2794 nere
557 2729 719 2796 militibus
742 2729 881 2794 Romam
904 2736 1020 2796 eontra
1042 2729 1258 2818 Pompeium⁴
1277 2731 1429 2818 perrexit.

869 3063 948 3130 ΟΔΡ.
972 3063 1098 3132 XXVI.

290 3273 409 3350 renuan-
516 3265 622 3330 CUM⁶
658 3263 869 3352 postmodum
914 3270 1038 3352 septem
1077 3264 1157 3330 anni
1194 3265 1417 3352 praeterissent
1454 3267 1511 3331 de-

289 3356 434 3460 {imas
457 3367 589 3434 functus
636 3373 686 3434 est
725 3367 926 3448 Cessibelen
972 3373 1007 3433 et
1051 3365 1115 3432 in⁰
1160 3368 1307 3434 Eborsoo
1355 3369 1509 3456 sepultus.

290 3474 394 3526 sibann.
459 3469 522 3536 oui
544 3470 698 3536 suecessit
727 3470 934 3536 Tenuenoius
959 3471 1029 3535 dux
1053 3468 1229 3537 Oornubiee
1250 3471 1354 3537 freter
1379 3471 1509 3536 Andro·
1584 3542 1595 3564 .

457 3573 518 3660 gei,
554 3595 631 3640 nem
662 3573 859 3660 Androgeus
894 3573 1034 3638 Romam
1072 3594 1146 3638 cum
1186 3572 1315 3639 Oaesure
1346 3572 1509 3661 profectus

457 3677 573 3743 fireret.
635 3675 829 3742 Diademate
859 3673 959 3762 ergo⁷
982 3676 1159 3763 insignitus
1185 3675 1390 3742 Tenuanoius
1420 3677 1510 3742 omni

457 3779 629 3867 diligentia
658 3801 795 3865 regnum
824 3777 999 3859 educavit;
1033 3785 1104 3846 erat
1134 3777 1227 3867 ipse⁸
1256 3779 1428 3848 bellicosus
1457 3781 1511 3848 vir

457 3885 571 3968 quiet
591 3881 733 3968 justitiae
756 3880 904 3968 vigorem
928 3881 1061 3948 colebat.

290 4007 429 4058 Henne-
503 3984 583 4050 Post
604 3984 698 4048 illum
728 3983 771 4049 ed
800 3983 928 4049 eulmen
958 3983 1066 4071 regule
1096 3991 1265 4070 promotus
1287 3991 1337 4052 est
1360 3985 1507 4072 Kymbe·

289 4075 425 4204 ffgdnffieffi
457 4089 544 4154 linus
566 4086 654 4152 filins
676 4083 779 4165 suus,⁹
798 4085 891 4152 miles
911 4092 1064 4153 strenuus
1086 4109 1183 4174 quem
1205 4087 1316 4155 Oaesor
1338 4087 1509 4176 Augustus

289 4221 343 4256 nus.

1314 4297 1362 4304 ---
1370 4295 1507 4304 -.-.---·-

492 4424 629 4489 'Regnum
656 4422 760 4489 Anglie
792 4423 960 4475 tributarium.
1040 4437 1138 4504 sem]
1158 4389 1295 4503 Cumae„¹
1310 4439 1375 4490 RD·

457 4504 483 4553 ᾗ]
495 4519 575 4568 marg·
609 4502 639 4554 B·
1037 4528 1099 4595 ‘in]
1119 4545 1169 4580 om.
1203 4531 1271 4582 RD.

491 4581 652 4647 ‘mutuoque]
672 4581 728 4632 The
739 4583 832 4632 second
848 4599 864 4632 u
884 4581 960 4632 inter·

458 4662 611 4712 linedinA.
646 4661 737 4711 Mutus
754 4677 860 4726 quoqne.
894 4661 958 4711 B.D.
1038 4621 1127 4744 ΖΨ]
1178 4715 1184 4728 ¹

493 4741 839 4806 ¹nrsnnum1nnennn.
874 4740 939 4790 nn.
1060 4713 1124 4780 nse]
1144 4729 1219 4766 emm.
1253 4715 1284 4770 Β.

492 4820 660 4890 Ῥοηιροὶκυι]
680 4821 810 4886 I’ompum.
845 4820 875 4871 B.
1038 4807 1128 4872 'sunr]
1148 4808 1209 4870 ejus
1244 4808 1277 4858 D,

1147 4621 1233 4687 igitur.
1270 4623 1303 4673 D.
