3696 5794
486 891 547 956 138
777 907 960 959 cumomni
982 903 1233 960 fflsrosuourt

315 1087 455 1140 oswnes.
526 1081 581 1146 Ad
598 1081 855 1150 Kaermerthin¹
880 1083 1046 1154 Demeoiae
1061 1085 1123 1152 sub
1139 1085 1355 1174 Vortigerni¹
1370 1089 1539 1174 tempore;

525 1185 587 1251 Est
608 1187 694 1252 alter
723 1188 765 1254 de
787 1187 932 1254 Albania
955 1189 1108 1276 Cybinus
1130 1211 1205 1276 quae
1235 1193 1271 1256 et
1294 1189 1414 1255 Scotia

526 1287 688 1376 Repertus
718 1295 770 1356 est
799 1291 967 1358 binomius
992 1291 1171 1372 silvestris,
1197 1291 1392 1358 Calidonius

524 1391 557 1456 Α
579 1391 665 1458 silva
687 1391 862 1460 Calidonia
893 1393 982 1481 qua⁸
1010 1394 1173 1482 prompsit
1194 1394 1355 1462 vaticinia
1367 1419 1377 1476 ;

524 1495 693 1562 Silvestris
715 1495 825 1563 dictus
855 1497 930 1564 ideo
951 1498 1040 1584 qnod
1069 1497 1251 1564 consistens
1273 1499 1310 1564 in
1331 1496 1451 1584 proelio

521 1598 708 1664 Monstrum
730 1600 849 1666 videns
878 1599 916 1664 in
937 1621 1013 1666 aere
1034 1597 1170 1666 mente⁴
1191 1601 1293 1688 ooepit
1315 1598 1482 1680 excedere,

521 1699 576 1766 Ad
598 1702 716 1768 silvam
739 1703 881 1768 tendens
903 1725 1049 1791 propere,
1073 1701 1216 1770 Arthuri
1237 1703 1326 1790 regis
1347 1708 1503 1790 tompore,

520 1803 738 1892 Prophetavit
760 1805 907 1893 apertius
929 1827 1029 1892 quam
1053 1805 1214 1872 Merlinus
1236 1805 1442 1872 Ambrosius

520 1905 631 1972 Sunt⁶
660 1913 790 1974 montes
813 1909 849 1973 in
873 1908 1075 1975 Snowdonia
1100 1931 1175 1974 oum
1197 1909 1389 1975 summitate
1419 1907 1532 1986 nimia,

518 2007 573 2074 Ab
596 2010 672 2076 imis
694 2033 798 2097 usque
821 2011 979 2078 verticem
1009 2011 1069 2077 vix
1095 2015 1319 2078 transmeatur
1347 2033 1406 2100 per
1427 2010 1524 2086 diem,

519 2111 608 2192 Quos
638 2111 794 2180 Cambei⁰
823 2119 944 2181 vocant
977 2113 1111 2193 nura!
1149 2115 1239 2202 quod
1269 2119 1365 2180 sonat
1395 2111 1528 2180 Montes

474 2211 602 2297 Μυσὴ
888 2221 891 2230 ’

519 2317 568 2382 Hi
591 2317 721 2386 Walliae
743 2317 915 2406 pecoribus
937 2317 1128 2385 sufficerent
1149 2317 1188 2384 in
1213 2319 1350 2407 pascuis.

518 2421 561 2486 In
582 2421 700 2488 horum
722 2419 874 2488 summo⁸
899 2422 1023 2488 vertice
1045 2427 1125 2488 sunt
1153 2423 1220 2488 duo
1242 2423 1334 2488 lacus
1365 2421 1472 2502 hodie,

516 2524 665 2604 Quorum
687 2547 774 2591 unus
796 2526 971 2592 erraticam
1001 2526 1037 2590 in
1059 2547 1094 2591 se
1115 2525 1278 2592 conclusit
1300 2524 1452 2608 insulam,

518 2628 636 2694 Ventis
659 2629 737 2694 hino
763 2629 841 2694 inde
863 2629 1028 2706 mobilem,
1052 2628 1145 2715 rupis
1167 2628 1436 2716 appropiabilem,

518 2731 573 2797 Ita
595 2735 635 2796 nt
664 2731 858 2798 armentarii
887 2731 1053 2796 mirantur
1075 2751 1109 2797 ee
1134 2731 1206 2818 jam
1228 2730 1372 2818 provehi.

517 2833 587 2900 Dat
609 2834 694 2900 alter
723 2835 813 2900 lacus
835 2833 986 2920 parthios
1007 2837 1142 2900 cunctos
1165 2855 1278 2899 omnes
1308 2831 1530 2900 monoculos.¹¹

516 2936 682 3002 Rothelan
706 2937 742 3002 in
772 2936 956 3002 confinibus
979 2935 1137 3023 Tetyngil
1167 2941 1219 3002 est
1240 2935 1313 3001 fons
1336 2935 1489 3014 modicus,

516 3038 582 3120 Qui
597 3061 665 3104 non
680 3039 815 3104 marinis
837 3038 986 3106 moribus
1010 3038 1064 3104 die
1081 3037 1133 3104 bis
1146 3035 1172 3076 ¹⁰
1194 3038 1301 3104 undat
1314 3036 1337 3076 ¹¹
1362 3037 1525 3117 fluctibus

518 3141 563 3206 Et
585 3141 684 3207 undis
715 3143 828 3208 crebro
852 3141 974 3222 deficit,
998 3141 1096 3206 undis
1119 3141 1264 3206 vicissim
1294 3139 1424 3207 sufficit

516 3243 560 3309 In
583 3244 706 3311 Maenia
731 3245 842 3312 North
866 3243 1005 3325 Wallioe,
1027 3265 1102 3330 quse
1125 3243 1294 3332 anglesey
1319 3247 1371 3310 est
1395 3242 1502 3322 hodie,

517 3347 579 3412 Est
601 3347 693 3435 lapis,
720 3347 808 3413 sicut
830 3347 941 3426 didici,
965 3367 1097 3413 consors
1120 3347 1265 3412 humano
1288 3345 1413 3426 femori,

518 3449 584 3530 Qui
614 3453 739 3536 quanto
761 3450 839 3516 licet
865 3449 973 3536 spatio
1001 3453 1191 3536 asportetur
1219 3448 1264 3514 ab
1287 3448 1408 3535 aliquo,

516 3551 623 3620 Nocte
654 3575 712 3642 per
742 3575 777 3620 so
799 3552 1000 3632 revertitur3
1030 3552 1091 3618 hoo
1113 3551 1228 3639 operit,
1254 3557 1295 3618 nt
1316 3551 1448 3638 legitur.

516 3654 618 3743 Hugo
649 3654 768 3722 Comes
790 3655 944 3742 Salopiae,
976 3653 1115 3721 Henrici
1138 3653 1243 3720 Primi
1264 3657 1420 3741 tempore,

497 3757 683 3838 uProbandi
705 3781 802 3824 causa
832 3758 976 3844 lapidem
999 3757 1120 3845 ligavit
1144 3757 1188 3822 ad
1218 3756 1422 3824 consimilem

515 3859 650 3927 Catenis
679 3883 778 3948 quam
810 3861 956 3942 rudibus,
981 3865 1017 3926 ot
1042 3859 1180 3947 projecit
1206 3859 1242 3924 in
1265 3859 1434 3940 fluctibus;

516 3962 582 4043 Qui
612 3965 727 4030 statim
750 3964 812 4029 sub
842 3961 986 4028 diluculo
1016 3963 1108 4028 visus
1130 3965 1183 4028 est
1204 3961 1275 4028 looo
1296 3961 1447 4048 pristino.

516 4065 616 4133 Hunc
638 4067 737 4133 semel
767 4065 903 4153 quidam
925 4065 1069 4133 rusticus
1099 4063 1219 4153 ligavit
1246 4064 1316 4131 snis
1338 4065 1500 4144 cruribus

503 4363 706 4431 'Kamechia
726 4363 883 4429 carmem.
905 4361 971 4414 nn.
1050 4374 1157 4444 teror]
1177 4375 1253 4431 css.
1287 4373 1353 4428 no.

500 4445 678 4538 'VoslipM1]
732 4443 873 4512 Vortignt
940 4443 971 4494 B·
1048 4473 1058 4501 a
1069 4469 1170 4538 mm]
1189 4483 1294 4522 gum
1328 4467 1394 4520 RD,

682 4561 689 4576 '
1048 4561 1224 4630 mannos]
1260 4561 1316 4614 Tha
1338 4577 1369 4611 no
1385 4558 1519 4612 interlined

1015 4643 1081 4694 inA

500 4685 608 4833 :3¹3¹
626 4683 912 4818 fflssmifffflffl
1049 4733 1296 4838 cooaeternus
1316 4731 1382 4786 no.

498 4843 635 4912 ‘cauteq
654 4843 764 4900 (lambri.
798 4843 831 4896 D.
1047 4829 1064 4859 ¹¹
1077 4825 1167 4892 undat]
1186 4827 1298 4878 mundar.
1333 4825 1397 4878 RD.
