3674 5800
628 869 811 921 EULOGIUM
834 867 1084 920 Hlsroulnnuu.
1343 855 1382 918 15

332 1047 434 1115 tertia
449 1046 548 1113 Orbis
562 1051 658 1136 parte
673 1045 833 1135 disposita
856 1050 912 1112 eet.
962 1045 1017 1110 Ab
1042 1045 1179 1112 Oriente
1200 1048 1276 1110 ortu
1299 1043 1384 1124 eolis,
1398 1053 1514 1108 oldaia

334 1174 356 1217 a
376 1151 515 1217 Meridie
535 1148 676 1230 Oceano,
702 1151 746 1216 ab
769 1149 946 1217 Occidente
978 1149 1065 1214 Mari
1096 1149 1219 1234 Magno
1245 1148 1383 1226 smitam

331 1253 608 1340 eSaptentricne
635 1253 793 1320 Maeotide
823 1253 906 1332 lacu,
932 1256 967 1318 et
993 1251 1099 1316 Tanai
1132 1250 1236 1316 fluvio
1267 1253 1382 1316 termi-

334 1363 441 1423 natur.
494 1355 609 1422 Habet
638 1361 752 1422 autem
784 1355 971 1443 provinciae
1003 1355 1126 1420 multae
1157 1359 1193 1420 et
1223 1355 1383 1441 regiones,

335 1481 475 1547 quarum
497 1459 634 1526 nomina
655 1457 712 1526 et¹
736 1459 820 1526 situs
846 1459 992 1526 breviter
1015 1457 1197 1546 expediam.

755 1797 835 1865 ΟΑΡ.
860 1799 960 1864 XIII.

762 2012 813 2081 Dc
836 2011 958 2082 India.

383 2225 515 2294 ΙΗΜΑΒ
530 2231 648 2294 vocata
670 2227 713 2293 ab
729 2225 815 2293 Indo
837 2225 984 2310 flumine,
1008 2225 1095 2314 quo³
1112 2249 1154 2294 ex
1177 2233 1273 2316 parte
1297 2227 1389 2296 Occi·
1403 2233 1528 2288 OfIndia·

339 2327 464 2396 dentali
501 2331 674 2398 clauditur.
729 2329 813 2396 Haec
848 2354 869 2395 a
900 2331 1085 2398 Meridiane
1120 2331 1207 2398 Mari
1240 2337 1391 2420 protecta

338 2455 441 2520 usque
488 2434 532 2499 ad
570 2437 680 2500 ortum
717 2433 803 2514 solie,
843 2439 877 2499 et
914 2433 1170 2522 Septentrione⁴
1206 2457 1311 2523 usque
1347 2435 1391 2501 ad

339 2536 488 2604 Mentem
523 2535 715 2616 Caucasum,
748 2537 873 2604 habene
895 2543 1013 2625 gentes
1042 2537 1166 2605 multae
1198 2543 1231 2604 et
1261 2539 1391 2626 oppida

339 2637 486 2705 Insulam
521 2661 650 2726 quoque
683 2639 927 2728 Taprothanem
964 2641 1102 2729 gemmis
1141 2646 1175 2706 et
1209 2641 1392 2730 elephantie

336 2742 500 2822 refertam,
525 2741 643 2810 (irisan
666 2747 700 2808 et
722 2743 872 2830 Arginen
894 2764 975 2809 auro
998 2748 1032 2810 et
1055 2749 1193 2832 argento
1215 2743 1392 2811 foecundae.

340 2843 455 2911 Habet
492 2851 527 2911 et
563 2845 683 2912 fluvios
720 2866 859 2934 magnos
901 2847 1035 2912 Indiam
1076 2848 1230 2934 rigantes.
1292 2847 1393 2914 Terra

340 2947 448 3015 Indiae
472 2947 615 3014 Favonii
636 2947 755 3036 spiritu
777 2947 999 3015 saluberrima.
1047 2949 1089 3014 In
1111 2972 1198 3015 anno
1220 2951 1272 3016 bie
1294 2951 1394 3016 metit

340 3050 459 3138 fruges.
520 3049 638 3138 Gignit
680 3056 793 3118 autem
835 3051 935 3118 tincti
972 3051 1088 3118 coloris
1127 3052 1286 3132 homines,
1329 3051 1392 3118 ele·

338 3149 504 3240 phant0s⁵
547 3153 708 3241 ingentes,
759 3153 903 3220 bestiam
950 3153 1170 3234 rhinoceron,⁶
1212 3156 1393 3243 psittacum

340 3277 443 3334 avem,
469 3253 630 3321 ebenum⁷
651 3277 780 3344 quoque
803 3257 933 3344 lignum
955 3263 990 3324 et
1013 3257 1267 3338 cinnamomum,
1290 3257 1391 3345 piper,

341 3356 396 3424 ct⁸
410 3358 572 3424 calamum
594 3358 820 3437 aromaticum,
845 3363 880 3424 et
903 3359 992 3437 ebur,
1009 3359 1134 3446 lapidee
1156 3357 1316 3446 pretiosos
1339 3380 1393 3424 cu-

335 3461 533 3548 juscumque
558 3461 697 3550 generis.
743 3461 798 3526 Ibi
821 3467 900 3528 eunt
923 3465 1052 3528 montes
1074 3461 1175 3541 aurei,
1199 3481 1280 3548 quos
1302 3459 1395 3527 adire

339 3569 474 3652 propter
508 3563 663 3630 dracones
695 3568 730 3630 et
762 3563 899 3652 griphes
931 3569 966 3632 et
992 3563 1061 3630 alia
1087 3568 1236 3630 monstra
1266 3563 1395 3630 homini

341 3665 541 3754 impossibile
563 3669 620 3734 eet.
637 3665 700 3733 Est
721 3671 835 3732 autem
851 3665 951 3733 India
972 3667 1063 3733 inter
1085 3688 1198 3732 omnes
1212 3667 1329 3733 mundi
1344 3689 1394 3733 re-

341 3769 461 3856 giones,
483 3769 597 3856 major,
612 3769 809 3856 opulentior,
826 3769 1034 3858 populosior3
1058 3769 1147 3836 unde
1164 3769 1250 3835 mira
1273 3770 1314 3835 de
1337 3769 1395 3834 In·

341 3871 459 3938 dorum
480 3871 696 3938 multitudine
719 3885 753 3939 ct
779 3873 931 3960 potentia
944 3871 1065 3939 recitat
1080 3871 1216 3951 Plinius,
1234 3869 1395 3939 in⁰1ibr0

341 3992 387 4041 vl.
414 3975 510 4062 capit
537 3992 611 4042 m.
668 3975 762 4041 Dicit
788 3977 878 4041 enim
902 3975 992 4063 quod
1014 3979 1094 4042 sunt
1116 3997 1208 4063 reges
1231 3975 1268 4040 in
1298 3975 1396 4041 India

342 4099 484 4166 quorum
508 4078 613 4165 aliqui
635 4077 764 4145 habent
787 4078 849 4144 eub
861 4076 887 4116 ¹⁰
914 4100 949 4145 se
972 4095 1043 4145 cce.
1065 4078 1160 4143 milia
1182 4082 1394 4158 armatorum,

377 4399 433 4466 ὀὶ]
452 4413 502 4451 om.
536 4398 570 4451 D.
925 4397 1056 4466 ⁷etenum]
1075 4397 1210 4452 hebenum.
1234 4398 1269 4452 A.
1295 4399 1390 4454 helene

376 4479 437 4530 ’Dc
453 4478 534 4530 India
554 4479 582 4530 in
598 4493 678 4544 marg.
712 4477 747 4529 D.
891 4478 956 4530 B.D.

376 4558 458 4624 ητα]
476 4559 551 4624 quod.
585 4557 652 4608 RD.
923 4559 981 4626 ὀὶ]
1002 4573 1051 4609 om.
1069 4557 1107 4618 R,
1123 4559 1174 4610 end
1190 4559 1234 4611 the
1246 4573 1346 4612 comma
1362 4560 1397 4626 (.)

376 4641 579 4708 ⁴Seplentriana]
594 4639 846 4706 Septentrionem
890 4637 954 4690 ader
969 4639 1146 4690 mammonam.
1363 4659 1364 4662 ¹

377 4719 547 4788 'elephantcd
565 4719 716 4786 elephantes
748 4719 779 4774 B.
923 4717 984 4784 ἰἠ]
1003 4733 1053 4770 om.
1087 4717 1152 4772 B.D.

375 4798 551 4870 ‘thiriacam
570 4814 717 4854 mnocemn.
735 4799 766 4850 B.
924 4799 943 4830 ¹⁰
953 4795 1012 4866 aab]
1031 4813 1080 4851 om.
1108 4797 1140 4852 B.
1164 4797 1302 4852 Interlincd
1317 4799 1346 4852 iu
1362 4799 1396 4852 D.
