3696 5794
636 907 816 957 someron
839 905 1084 958 nrsroanauu.
1326 895 1390 966 187

384 1075 480 1142 Circo
508 1075 567 1142 illa
596 1082 746 1166 tempora
767 1081 863 1146 venit
892 1081 929 1146 in
953 1081 1162 1146 Britanniam
1185 1081 1388 1169 Arnulphus,
1406 1094 1501 1164 [Α.1).]

308 1190 310 1198 ’
339 1177 474 1264 quidam
515 1176 684 1246 Gallorum
723 1181 901 1270 episcopus,
944 1183 1002 1268 qui
1041 1183 1187 1248 locorum
1226 1205 1391 1250 sacrorum
1404 1169 1460 1214 ⁸⁹⁵·
1474 1165 1545 1216 ΑΒ·

338 1277 457 1346 limina
477 1279 710 1369 investigabat.
750 1283 1018 1371 Hierosolymam
1042 1286 1179 1352 tandem
1195 1293 1342 1368 venerat,
1357 1293 1392 1354 et

338 1381 481 1449 lustrate
518 1385 608 1450 omni
646 1385 747 1452 Terra
785 1387 1026 1468 Promissionis,
1065 1388 1273 1469 Damascum,
1304 1388 1392 1455 (lon-

338 1485 595 1572 stantinopclim,
626 1485 873 1569 Alexandriam,
898 1496 933 1555 et
964 1490 1071 1555 multa
1101 1491 1173 1570 alia,
1205 1492 1391 1576 multasque

338 1585 437 1652 maris
459 1589 583 1654 instilae
605 1589 759 1672 adierat3
781 1592 916 1657 tandem
938 1591 1073 1678 navigio
1094 1593 1237 1678 patriam
1253 1593 1391 1674 rediens,

339 1691 534 1776 tempestate
562 1693 692 1758 marina
730 1691 774 1759 ad
816 1693 1042 1760 Occidentalis
1076 1691 1262 1762 Britanniae
1292 1695 1391 1760 litora

338 1791 494 1877 appulsus
523 1797 581 1872 est,
605 1793 664 1860 ubi
693 1793 737 1860 ab
759 1793 892 1862 Aniano
922 1795 1043 1862 abbate
1068 1795 1293 1879 Lindifarniee,
1316 1803 1391 1884 post

338 1892 462 1958 ibidem
501 1895 716 1982 episcopante,
747 1902 926 1984 stuceptus,
958 1898 999 1964 de
1028 1919 1108 1964 nece
1138 1899 1327 1985 Martyrum
1356 1905 1391 1965 et

339 1995 402 2060 de¹
434 2015 547 2061 eorum
576 1995 666 2078 locis,
689 1999 730 2064 de
759 1999 848 2064 bona
871 1999 1103 2066 Oonfcsaomm
1132 2003 1390 2080 conversatione,

340 2095 380 2162 de
420 2093 597 2185 Virginnm
635 2099 797 2180 castitate,
837 2105 873 2167 et
903 2098 943 2168 de
985 2123 1099 2169 earum
1144 2105 1390 2191 perseverantia

338 2199 445 2266 multa
483 2201 661 2286 perdocuit,
704 2227 778 2290 quea
823 2203 1026 2290 inposterum
1072 2203 1172 2287 Beda,
1212 2205 1389 2294 discipulus

340 2297 539 2369 Benedicti2
569 2304 688 2392 Biaope
724 2306 822 2391 primi
853 2304 1040 2372 fundatoris
1075 2309 1266 2374 monosterii
1296 2310 1389 2374 Dun-

339 2405 478 2484 nelmiae,
494 2407 650 2472 scrutatis
664 2405 678 2442 ³
693 2405 903 2474 bibliothecis
925 2409 1077 2494 praedicti
1099 2411 1206 2476 sancti
1229 2410 1390 2497 episcopi⁴

339 2505 472 2589 Anioni,
504 2507 540 2572 in
562 2507 746 2595 scripturnl
769 2509 897 2596 redegit
923 2515 962 2575 ut
985 2511 1083 2576 modo
1106 2509 1166 2589 flt;
1191 2516 1226 2578 et
1251 2516 1389 2577 vocatur

343 2605 595 2696 Martilogiunr,⁶
618 2611 712 2696 quasi
735 2607 849 2676 Sermo
880 2611 1078 2698 Martyrum,
1102 2611 1191 2700 quod
1221 2613 1389 2700 hucusque

339 2711 376 2777 in
406 2712 587 2778 cismarinis
630 2713 772 2778 ecclesiis
809 2711 987 2798 quotidie⁷
1027 2714 1180 2780 usitatur.
1238 2714 1390 2782 Arrianus

340 2835 418 2880 veno
447 2815 539 2902 prius
574 2813 660 2902 per⁸
688 2816 790 2902 longa
819 2820 970 2902 tempora
1000 2817 1090 2903 quod
1120 2817 1158 2882 in
1187 2819 1318 2905 scriptis
1348 2841 1389 2884 ex

339 2917 445 2982 relatu
474 2917 606 2982 Arnnlfl
645 2917 788 3004 episcopi
818 2918 954 3005 redegit,
998 2917 1129 2984 Alfrido
1159 2921 1230 3007 regi
1263 2921 1387 2986 North·

339 3019 478 3086 umbriae
507 3015 693 3086 transmisit
731 3017 916 3106 legendum,
948 3041 969 3085 a
1007 3039 1071 3106 quo
1111 3019 1234 3088 dicitur
1263 3021 1388 3089 Bedam

339 3121 513 3209 sumpsisse
542 3119 717 3187 materiem
740 3143 840 3208 quam
869 3125 983 3208 postea
1004 3123 1157 3210 patenter
1180 3123 1389 3216 transmisit·⁹

340 3227 482 3294 ecclesiis
504 3227 547 3292 ad
568 3225 783 3314 legendum¹⁰

374 3536 435 3608 ¹de]
455 3557 503 3594 om.
537 3537 602 3596 llD.
889 3537 978 3596 lotione
1002 3539 1033 3597 ol
1057 3541 1127 3597 John
1149 3544 1181 3597 de
1203 3543 1276 3612 Rupe
1296 3545 1387 3608 Scissa,

372 3619 467 3676 'Nota
490 3619 665 3689 Martilogium
687 3619 842 3688 compilatur.
888 3621 1003 3674 whichis
1018 3621 1121 3675 omitted
1137 3623 1164 3674 in
1181 3623 1231 3675 this
1247 3623 1388 3686 editiones

339 3699 366 3750 in
382 3715 462 3766 marg.
480 3701 510 3752 B.
887 3699 964 3768 being
983 3701 1125 3765 irrelevant,
1142 3705 1193 3754 end
1210 3713 1254 3756 not
1269 3705 1388 3755 intended

372 3777 522 3846 ’πῃπῇ
541 3777 659 3846 epistolia
676 3781 733 3832 add.
750 3777 781 3834 B.
887 3787 913 3832 to
933 3781 1000 3832 form
1018 3789 1074 3846 part
1094 3780 1124 3832 of
1137 3783 1180 3834 the
1200 3783 1271 3834 work
1292 3785 1327 3848 by
1345 3783 1389 3834 the

374 3857 514 3925 ’φὴωρῆ
533 3873 582 3911 om.
610 3859 677 3911 B.D.
887 3857 983 3912 author.
1018 3859 1094 3911 Alter
1105 3861 1147 3912 the
1158 3862 1302 3912 conclusion
1310 3861 1387 3912 otthe

373 3937 420 3988 'in
431 3937 559 4005 scriperem]
579 3945 607 3989 ut
623 3934 752 4002 seriptum.
785 3935 815 3988 Β.
887 3939 1004 4006 epilogue
1023 3938 1110 3991 tutha
1136 3937 1205 3992 Vade
1224 3937 1323 3990 Merum
1344 3941 1387 3991 the

339 4023 368 4069 ut
378 4017 499 4082 scriptum
510 4025 557 4068 est.
574 4015 608 4068 D.
642 4015 698 4067 The
718 4013 841 4069 atiner-
887 4013 1017 4085 napum
1042 4019 1064 4069 ts
1088 4017 1221 4071 conthued
1243 4033 1271 4070 as
1292 4019 1319 4069 in
1344 4021 1387 4070 the

339 4093 414 4148 lined.
500 4141 506 4152 .
887 4105 950 4150 text.
985 4097 1041 4149 The
1052 4095 1183 4164 following
1198 4099 1299 4164 portion
1308 4099 1387 4150 otthe

373 4171 573 4242 'Mortibpicnj
604 4169 807 4242 Martirilogiutn.
886 4184 987 4242 present
997 4177 1071 4228 Book
1084 4177 1106 4228 is
1115 4178 1214 4228 arinen
1230 4179 1258 4228 ln
1275 4177 1386 4228 uena

340 4253 406 4308 B.D.
887 4257 920 4306 A.
942 4257 970 4306 tn
988 4257 1065 4307 much
1083 4255 1187 4307 blecker
1204 4255 1250 4306 inlr
1261 4257 1388 4308 menthae

373 4333 511 4399 'quotidid
531 4349 580 4385 om.
598 4333 663 4386 B.D.
886 4336 1010 4386 inwhieh
1020 4335 1064 4386 the
1080 4335 1214 4400 preceding
1229 4343 1286 4400 part
1302 4335 1332 4385 cf
1344 4335 1387 4386 the

373 4413 463 4478 'price
473 4413 531 4479 per]
550 4419 613 4478 post
648 4403 713 4464 B.D.
887 4415 960 4466 Book
986 4413 1036 4465 and
1057 4415 1100 4464 the
1128 4421 1339 4465 commeneement
1361 4412 1392 4463 of
1505 4437 1506 4442 =

373 4492 543 4558 ’mambiss
563 4491 685 4542 tranmit.
719 4491 754 4542 A.
886 4494 929 4545 the
948 4492 1020 4543 nen
1040 4492 1114 4543 Book
1136 4509 1178 4544 cie
1199 4492 1320 4543 written
1344 4492 1387 4542 the

375 4568 394 4601 ¹⁰
405 4569 460 4622 The
471 4569 613 4622 remolnder
629 4569 659 4620 cf
669 4571 712 4622 the
728 4582 792 4636 page
808 4583 841 4620 on
886 4571 1016 4623 curuum
1033 4569 1056 4622 te
1072 4571 1125 4622 eleo
1145 4569 1269 4630 different,
1290 4569 1388 4636 though

340 4647 424 4700 which
445 4647 496 4700 thia
512 4649 640 4701 narrative
659 4649 803 4700 terminatae
820 4647 841 4698 ie
886 4649 981 4716 clearly
1000 4649 1055 4700 that
1076 4649 1106 4700 ot*
1123 4649 1167 4700 the
1188 4649 1285 4701 suthon
1318 4649 1387 4699 Both

342 4727 419 4779 blank
438 4727 466 4780 lu
484 4729 541 4789 A.;
569 4743 603 4779 cn
624 4727 668 4780 the
689 4735 751 4779 next
773 4739 841 4778 eom·
886 4729 929 4780 the.
948 4729 995 4779 inlr
1013 4729 1063 4780 and
1082 4727 1125 4779 the
1147 4727 1276 4778 character
1291 4727 1385 4792 closely

340 4821 440 4859 menses
454 4807 498 4859 the
519 4805 588 4861 Vade
603 4805 701 4858 Mecum
712 4807 738 4857 in
753 4803 841 4857 inte
886 4809 1007 4861 resemble
1024 4809 1096 4859 those
1112 4805 1141 4858 tn
1158 4805 1242 4858 which
1260 4805 1303 4857 the
1324 4813 1385 4857 con*
