3656 5800
445 879 511 946 233
744 887 929 943 ameum
950 887 1201 942 merosum

444 1068 554 1135 dicato
584 1065 656 1156 regi
678 1065 795 1134 Belino
830 1067 888 1154 qui
926 1071 1037 1133 emani
1066 1066 1117 1132 illi
1151 1065 1286 1154 captivi,
1318 1067 1495 1134 admodum

444 1171 578 1258 gavisus
600 1175 651 1238 esi
674 1171 764 1256 quod
785 1175 920 1236 mnium
942 1170 984 1236 de
1006 1169 1108 1236 natm
1129 1173 1240 1258 possse
1261 1169 1440 1237 vindioare.

489 1273 641 1340 Emensis
670 1272 787 1340 diebus
816 1273 930 1360 paucis
960 1272 1125 1338 Brennius
1147 1293 1250 1338 naves
1274 1273 1451 1340 resociavit
1465 1271 1496 1354 ;¹

444 1377 612 1444 resocialis
642 1375 678 1442 in
703 1375 883 1441 Albaniam
909 1375 1080 1463 appliouii
1126 1373 1258 1441 Exinde
1288 1373 1418 1464 captis⁹
1440 1397 1499 1442 na·

444 1481 542 1547 vibus
564 1487 598 1547 si
628 1478 761 1567 puella⁸
783 1479 876 1544 misit
906 1478 949 1544 ad
983 1477 1120 1544 fratrem
1146 1499 1242 1544 suum
1271 1479 1434 1561 Belinum,
1458 1483 1499 1545 ui

445 1585 589 1671 puellam
612 1603 686 1648 oum
708 1601 811 1669 regno
834 1577 891 1648 et*
912 1601 1017 1647 navas
1039 1581 1076 1646 in
1097 1601 1177 1668 paee
1199 1581 1406 1663 remilterei3
1440 1581 1498 1668 qui

445 1687 539 1753 dedis
561 1705 753 1773 responsum
774 1681 905 1750 nullum
927 1684 1067 1750 istorum
1090 1683 1271 1750 deliberare
1294 1684 1352 1750 sod
1374 1685 1403 1750 si
1425 1705 1498 1772 por-

445 1811 559 1855 sonam
587 1809 679 1853 suam
709 1786 847 1852 heberei
876 1784 1010 1874 ipsum⁶
1040 1786 1077 1850 in
1106 1786 1249 1852 vinculis
1276 1785 1497 1875 distringeret,

445 1889 644 1976 oollealoque
667 1885 757 1955 omni
779 1887 886 1954 milite
906 1887 1023 1956 insulae
1049 1887 1144 1954 venii
1165 1887 1343 1956 Albaniam
1363 1887 1498 1958 eonlra⁰

446 1993 794 2080 ipsumpugnalurua

491 2095 540 2162 Aa
574 2095 737 2162 Brennius
763 2093 872 2182 ipsum
898 2091 1029 2160 soiens⁷
1061 2093 1197 2160 omnino
1227 2115 1298 2160 essa
1328 2095 1499 2183 repulsum

447 2199 509 2265 ivit
549 2198 580 2264 ei
613 2197 651 2262 in
681 2197 815 2263 obviam
844 2201 885 2262 ut
925 2215 1000 2262 oum
1031 2215 1070 2262 eo
1105 2197 1367 2284 oongrederetur.
1413 2195 1500 2284 Ipsis

447 2299 715 2389 oppugnantibus
745 2297 887 2364 viatoria
917 2299 1014 2364 cessit
1037 2297 1163 2363 Belino.
1211 2297 1357 2365 Etcum
1386 2299 1499 2387 surgam

447 2405 592 2470 laeetani
622 2402 869 2488 Norwagenses‚
903 2400 1092 2486 insequilur
1125 2421 1180 2466 eos
1210 2401 1348 2467 Belinus
1378 2403 1500 2468 eaedem

447 2507 569 2572 faciens
599 2505 670 2570 sine
697 2505 831 2591 pieiaie.
880 2502 1080 2570 Oeoideruna
1104 2501 1141 2567 in
1163 2502 1221 2568 illo
1244 2503 1362 2590 proelio
1392 2501 1500 2572 xuni

450 2607 732 2694 Norwagsnsium‚
772 2626 832 2671 neo
873 2626 916 2670 ex
951 2604 1090 2670 residuis
1132 2605 1223 2670 mille
1265 2605 1501 2692 superfuerunt

450 2711 531 2797 quin
554 2709 722 2775 vulnerati
753 2706 965 2774 diseedereni.
1011 2707 1061 2772 Aa
1093 2707 1259 2772 Brennius
1285 2708 1347 2772 vix
1377 2729 1498 2774 navem

449 2819 566 2878 neotus
592 2815 632 2876 ui
658 2809 793 2876 fortuna
823 2809 1030 2875 conduxerat
1053 2807 1224 2874 Gallienus
1247 2809 1348 2875 litora
1370 2809 1499 2898 petivit.

452 2915 573 2983 Oaeieri
601 2933 681 2979 vero
712 2911 770 2999 qui
804 2933 878 2977 oum
909 2931 948 2976 eo
979 2911 1185 2977 advenerant
1215 2934 1281 2999 quo
1315 2933 1409 2979 casus
1442 2913 1499 2978 du·

448 3017 545 3084 esbal
567 3015 712 3082 latebrae
734 3013 920 3102 exigebant.

497 3119 582 3187 (lum
610 3119 716 3206 igitur
745 3115 862 3182 Belino
891 3115 1033 3182 violaria
1062 3115 1210 3182 ooesissei
1232 3117 1368 3184 vooavii
1390 3139 1502 3184 omnes

450 3223 545 3311 regni
566 3239 714 3309 prooeras
746 3219 790 3286 ad
826 3217 1012 3284 Eboracum
1043 3217 1182 3284 oonsilio
1212 3219 1386 3306 ipsorum⁰
1416 3225 1502 3286 trao-

452 3331 582 3393 laiurus
620 3321 709 3410 quod
721 3319 747 3360 ¹⁰
781 3321 822 3386 de
868 3343 944 3408 rago
975 3321 1142 3388 Dacorum
1182 3327 1268 3387 esset
1309 3321 1502 3388 sumendum.

453 3429 666 3496 Concesserai
688 3425 778 3490 enim
802 3445 862 3488 rex
886 3422 999 3489 Daeiae
1028 3445 1169 3511 regnum
1192 3445 1289 3489 suum
1319 3429 1432 3490 tenere
1461 3425 1503 3490 de

452 3553 527 3618 rege
541 3529 656 3594 Belino
679 3527 922 3613 inperpetuum,
939 3525 1106 3592 reddendo
1130 3525 1161 3591 ei
1176 3547 1323 3592 annuum
1338 3528 1502 3594 tribulum

452 3634 502 3700 ila
529 3627 652 3718 quod¹¹
685 3629 793 3716 ipsum
806 3626 832 3664 ¹⁸
854 3649 929 3692 oum
951 3627 1068 3693 amisis
1081 3623 1105 3666 '⁸
1128 3649 1188 3693 sua
1223 3627 1344 3694 liberos
1381 3629 1504 3695 sineret

437 3735 552 3802 abire.
613 3731 704 3798 Illud
733 3731 899 3797 tribulum
940 3729 1106 3796 redditum
1144 3729 1211 3796 fuit
1247 3735 1320 3798 tolo
1356 3736 1504 3819 tempore

457 3857 561 3926 usque
598 3834 641 3901 ad
686 3833 870 3900 adveniam
905 3831 1063 3898 Hauelok
1100 3831 1158 3918 qui
1195 3832 1262 3898 filia
1298 3831 1387 3899 filius
1417 3833 1503 3921 regis

484 4245 645 4311 Ινωοοίαυίι]
664 4241 804 4294 moslavit.
838 4239 903 4290 nl).
1036 4243 1175 4309 ⁰ipmnm]
1195 4257 1288 4292 eorum.
1323 4241 1353 4293 B.

483 4325 595 4394 ἐαρίίι]
614 4324 700 4389 raptis.
732 4321 798 4372 BJ).
977 4337 980 4346 ·
1036 4321 1143 4388 '‘quod]
1172 4323 1239 4388 quid.
1290 4321 1321 4373 B.
1366 4321 1506 4374 submissio

483 4404 632 4474 ’alpaella]
651 4404 706 4454 ella
740 4403 773 4453 D.
1001 4401 1360 4468 regnlDaolaregiAnglisa.
1388 4403 1415 4451 ln
1426 4416 1504 4466 marg.

485 4488 613 4539 ‘Asbora
624 4495 725 4534 eruore
735 4479 871 4532 follovaln
887 4479 921 4531 A.
1001 4481 1033 4532 B.
1067 4481 1096 4533 in
1115 4483 1219 4534 blacker
1237 4483 1284 4532 ink
1302 4483 1364 4534 thau
1386 4481 1429 4532 lhe
1446 4497 1506 4532 con-

484 4565 596 4633 lapsum]
616 4579 665 4614 om.
699 4561 765 4612 B.D.
1001 4569 1063 4614 text.

483 4645 601 4710 ἀπίω]
621 4643 707 4694 Twiaa
719 4641 745 4691 in
757 4639 789 4690 B.
1035 4643 1049 4672 ¹¹
1062 4641 1139 4708 quod]
1158 4649 1193 4693 ut.
1227 4639 1294 4693 B.D.

486 4735 685 4802 simmam]
704 4733 787 4786 ueiens
799 4747 834 4786 se.
867 4731 933 4783 ED.
1034 4721 1156 4788 ¹²ipsura]
1175 4735 1241 4772 eum.
1274 4717 1306 4771 13.

486 4815 593 4884 'xr.n.]
614 4819 712 4878 50‚000.
747 4811 777 4864 B.
1033 4800 1163 4867 numism]
1183 4799 1282 4852 amula
1316 4797 1379 4850 RD.
