3656 5800
559 907 742 958 nuuosmu
765 907 1012 956 HISTORIARUM.
1239 894 1303 956 305

258 1076 410 1144 interibo.
471 1076 527 1143 Ad
564 1077 635 1142 haec
667 1077 780 1144 Ulfin:
828 1075 874 1142 Et
912 1076 1014 1163 quid¹
1048 1075 1112 1140 tibi
1144 1075 1308 1140 consiliari
1321 1085 1449 1136 Thonis-

257 1180 401 1246 vslucrit
422 1201 497 1245 cum
520 1179 613 1244 nullu
632 1180 684 1244 vis
701 1178 875 1245 rssscederc2
891 1177 1025 1265 quoad³
1047 1200 1112 1263 quc
1134 1199 1206 1242 cem
1222 1175 1309 1240 infru
1320 1153 1420 1282 {23:¹⁹

258 1282 416 1370 oppidum
431 1281 585 1368 Tintegol
608 1281 786 1347 adsumus?
831 1281 895 1348 Est
917 1281 1005 1346 enim
1029 1280 1131 1344 situm
1153 1279 1190 1343 in
1212 1279 1305 1358 mori,
1321 1285 1426 1336 Arthur·

257 1389 293 1448 et
314 1383 462 1470 undique
495 1382 761 1449 circumclausum
791 1383 834 1448 ab
866 1383 946 1470 ipso,
969 1403 1029 1448 nec
1060 1387 1110 1448 est
1141 1382 1225 1446 alter
1255 1383 1306 1445 in-

257 1486 379 1552 troitus
400 1485 466 1552 nisi
496 1507 593 1572 quem
619 1489 762 1572 angusto
791 1484 884 1570 rupis
905 1485 1071 1571 proebest3
1109 1485 1217 1572 ipsum
1239 1489 1307 1549 tres

255 1587 378 1653 armati
408 1587 580 1675 prohibere
617 1591 753 1672 queunt,
786 1587 864 1652 licet
898 1608 972 1652 cum
1003 1591 1075 1652 tcto
1109 1607 1211 1672 regno
1234 1585 1307 1650 Bri-

258 1690 383 1756 tannice
414 1689 594 1768 astitisses3
626 1691 775 1753 ettamen
806 1688 835 1754 si
866 1687 1026 1754 Merlinus
1056 1693 1149 1754 votes
1177 1709 1307 1774 opernm

258 1789 403 1858 dedisset
424 1791 556 1858 aestimo
578 1795 612 1856 te
635 1790 771 1856 consilio
801 1789 904 1877 ipsius
927 1790 1089 1856 desiderio
1111 1795 1171 1856 tuo
1193 1789 1305 1876 potiri.

260 1892 421 1958 Oredulus
450 1892 563 1977 iteque
592 1913 653 1957 rex
679 1890 781 1976 jussit
811 1893 923 1957 vocari
955 1891 1141 1970 Merlinum‚
1164 1914 1242 1956 nam
1274 1896 1309 1956 et

257 1994 328 2082 ipse
350 1995 393 2061 sd
415 1994 618 2060 obsidionem
639 1999 784 2060 venerat.
842 1993 983 2060 Merlino
1006 1999 1132 2074 vocato,
1156 1999 1190 2060 et
1212 2015 1309 2080 super

258 2097 344 2184 regis
380 2096 542 2163 desiderio
580 2097 729 2162 consulto
766 2101 947 2162 commotus
984 2102 1035 2162 est
1079 2117 1177 2184 super
1213 2100 1309 2160 tento

258 2221 368 2266 umore
389 2198 493 2286 ipsius
523 2203 559 2264 et
584 2199 653 2264 eit:
701 2197 753 2264 Ut
774 2202 854 2264 voto
886 2207 947 2265 tuo
977 2198 1123 2286 potioris,
1147 2199 1308 2264 utendum

257 2306 309 2368 est
329 2302 426 2367 novis
448 2300 577 2367 artibus
600 2305 635 2366 et
657 2305 805 2386 tempore
828 2305 887 2366 tuo
913 2301 1081 2366 inauditis.
1144 2300 1219 2366 Scio
1241 2322 1309 2365 me-

258 2403 477 2469 dicaminibus
499 2403 581 2468 meis
602 2402 666 2468 tibi
690 2402 768 2467 dere
790 2401 930 2488 figumm
955 2402 1093 2482 Gorlois
1117 2402 1167 2468 ite
1188 2409 1229 2466 ut
1250 2422 1309 2488 per

259 2505 370 2572 omnic
406 2506 477 2592 ipss
513 2504 667 2570 videaris.
725 2503 763 2569 Si
799 2505 911 2589 itaque
943 2505 1088 2590 pameris
1125 2503 1242 2568 fedum
1274 2509 1309 2568 te

258 2629 390 2694 prorsus
419 2604 598 2672 simulnre⁴
620 2627 707 2688 eum,
732 2605 827 2672 Ulfin
850 2627 927 2671 vero
950 2605 1130 2671 Jordunem
1160 2607 1200 2670 de
1230 2605 1308 2670 Tin-

258 2710 350 2796 tegol
387 2708 583 2774 familiarem
628 2729 734 2786 suum,
773 2707 839 2772 alin
876 2713 989 2772 nutem
1027 2708 1132 2794 specie
1176 2713 1310 2794 sumpts.

258 2811 356 2877 edero
400 2811 530 2892 tertius,
568 2809 755 2896 poterisque
792 2808 898 2874 tutius
943 2809 1101 2895 oppidum
1137 2809 1229 2874 edire
1266 2809 1310 2873 nd

259 2912 412 3000 igerncm
449 2917 550 2998 atque
581 2911 710 2976 editum
744 2909 873 2976 hebere.
927 2909 1108 2997 Feruntque
1141 2932 1200 2977 rex
1235 2911 1308 2976 dili-

257 3019 391 3101 gentem
413 3013 624 3099 cnimumque
645 3011 806 3078 adhibuit

305 3116 475 3181 Postremo
509 3115 681 3180 commisse
710 3112 1015 3200 familiaribusquc⁶
1037 3113 1106 3180 suis
1139 3114 1308 3180 obsidione

259 3220 423 3287 commisit
466 3241 501 3286 se
538 3219 808 3286 medicaminibus
845 3220 979 3285 Merlini
1017 3226 1051 3286 et
1087 3221 1124 3285 in
1169 3222 1308 3307 speciem

261 3321 391 3388 Gorlois
414 3327 657 3388 transmutatus
679 3327 738 3387 cst.
809 3323 961 3388 Mutatus
983 3327 1033 3388 est
1057 3323 1153 3389 Ulfin
1175 3323 1211 3386 in
1234 3322 1309 3387 Jor-

260 3425 393 3505 dcnum,
418 3423 577 3490 Merlinus
610 3424 647 3489 in
679 3423 889 3503 Britchelcm,
912 3424 961 3490 its
989 3423 1051 3489 ut⁰
1073 3424 1198 3490 nemini
1220 3425 1309 3511 quod

257 3526 391 3593 firersnt
435 3531 667 3614 comparerent.
744 3526 896 3612 Denique
929 3527 1074 3615 aggressi
1104 3531 1183 3592 sunt
1218 3527 1309 3592 viam

260 3651 373 3695 versus
407 3627 564 3715 Tintngol
594 3633 628 3694 et
658 3649 733 3694 cum
765 3628 952 3715 crepusculo
986 3628 1030 3694 cd
1063 3628 1221 3716 oppidum
1253 3649 1308 3693 vs·

256 3739 385 3797 nerunt.
421 3729 575 3796 Indicsto
598 3729 688 3796 ocius
705 3729 867 3816 janitori⁷
885 3731 974 3816 quod
996 3731 1109 3796 consul
1129 3729 1308 3810 adveniret,

260 3839 383 3920 upertae
406 3835 485 3898 sunt
503 3831 618 3917 junuae
641 3837 676 3898 et
697 3831 876 3898 intromissi
907 3837 986 3897 eunt
1009 3832 1093 3913 viri;
1119 3831 1199 3918 quid
1222 3832 1309 3896 enim

260 3935 352 4000 uliud
383 3933 568 4001 secessisset
600 3955 675 4000 cum
705 3955 837 4020 prorsus
874 3933 944 4021 ipsc
976 3933 1105 4000 Gorlois
1137 3939 1311 4021 putaretur

261 4037 397 4103 adesset
464 4035 672 4103 Oommsnsit
715 4035 829 4122 itaque
873 4041 947 4102 tote
990 4036 1048 4101 illu
1091 4042 1187 4102 nocte
1235 4057 1311 4102 cum

262 4137 384 4226 Igernu
414 4143 449 4205 ct
480 4159 550 4204 sese
583 4137 770 4204 desiderate
791 4137 918 4204 Venere
940 4136 1074 4204 refecit.8
1128 4139 1310 4226 Deceperat

295 4417 386 4485 'quid]
405 4418 468 4484 quis.
502 4418 567 4469 B.D.
842 4421 902 4488 ἰή]
920 4421 1097 4473 Interlinedin
1108 4421 1143 4474 A.
1208 4483 1213 4493 .

296 4496 441 4563 'accedech
461 4497 550 4548 vdent
585 4497 641 4548 edd.
673 4495 739 4546 B.D.
843 4549 872 4578 ⁷,
911 4549 916 4562 ⁸
1012 4550 1019 4566 ,
1057 4550 1063 4564 ¹
1106 4551 1112 4564 ,

297 4575 411 4642 swod]
436 4577 497 4654 φά
532 4575 567 4627 Δ,
601 4589 651 4626 om·
677 4573 742 4625 RD.
855 4548 976 4616 junctum]
1008 4557 1120 4614 anrtsn.
1154 4550 1189 4602 A.
1223 4551 1266 4602 the
1293 4565 1310 4600 c

297 4663 444 4733 stimate]
463 4667 581 4718 'imilm
615 4667 648 4718 D·
811 4681 992 4745 scrspedsom
1008 4679 1243 4730 torcsemblesno.

297 4744 307 4772 ⁵
310 4741 541 4812 familiaribusque]
593 4743 766 4796 unitissibus.
844 4809 854 4840 Ι
935 4809 941 4822 ι
1028 4807 1035 4820 ο
1070 4808 1076 4820 ι

264 4817 329 4874 RD·
865 4807 964 4876 resecet]
988 4817 1096 4860 sutram
1129 4808 1194 4861 Iul).

352 4917 426 4970 v01.
450 4917 486 4969 11.
1151 4915 1179 4969 U
