3696 5794
503 863 565 924 194
797 875 978 923 acroama
1002 873 1250 924 ursronrssuu.

267 1031 269 1037 ’
327 1055 436 1108 Harthc·
500 1047 659 1116 nomins¹
686 1047 955 1129 Hardeknutum,
978 1069 1088 1134 regern
1119 1048 1252 1134 Anglise
1275 1052 1310 1113 et
1337 1047 1460 1128 Daciae,
1494 1048 1552 1134 qui

328 1131 395 1174 ω’
501 1151 656 1240 regnavit
686 1152 722 1215 in
744 1151 868 1238 Anglia
891 1151 1019 1216 duobus
1043 1149 1150 1216 annis.
1199 1151 1244 1215 Et
1267 1149 1304 1215 in
1334 1151 1413 1215 flore
1431 1150 1553 1236 juven-

329 1264 469 1315 Hisoeah.
504 1256 588 1322 tutis
610 1277 678 1320 suae
700 1253 791 1341 apud
818 1251 1029 1338 Lambhity⁸
1051 1253 1163 1318 subito
1187 1252 1397 1318 moriebatur.

329 1332 397 1382 ΑΒ·
417 1337 488 1382 ¹⁰⁴²·
545 1358 697 1424 Prooeres
719 1378 797 1444 ergo
811 1357 905 1443 regni
922 1355 1051 1442 Angliae
1073 1359 1154 1422 tunc
1175 1379 1196 1419 a
1218 1355 1365 1421 dominio
1381 1355 1552 1422 Dacorum

329 1419 440 1540 ,iffi
503 1460 635 1526 liberabi
672 1459 794 1524 hilares
831 1461 911 1524 sunt
941 1457 1059 1536 effecti,
1099 1457 1158 1543 qui
1189 1479 1302 1522 omnes
1340 1457 1553 1538 unanimiter,

505 1562 668 1628 Godwino
692 1562 811 1628 comite
841 1561 1023 1648 ignorante,
1062 1581 1121 1646 pro
1154 1559 1301 1625 Aluredo
1331 1559 1552 1648 primogenito

501 1665 571 1730 filio
612 1661 825 1730 Ethelersdi³
865 1662 954 1750 regis
991 1662 1129 1728 nuntios
1166 1663 1427 1728 transmiserunt
1489 1663 1552 1728 Ille

501 1771 614 1832 autem
643 1787 717 1831 cum
750 1767 835 1830 esset
866 1769 960 1852 patre
984 1763 1155 1851 Anglicus‚
1190 1769 1297 1830 matrs
1327 1765 1550 1844 Normannus,

501 1869 627 1956 aliquos
654 1871 806 1956 parentes
829 1889 871 1933 ex
893 1869 989 1954 parts
1019 1865 1144 1946 matris,
1168 1867 1290 1933 multos
1320 1889 1363 1932 ex
1394 1867 1551 1932 commili-

500 1970 635 2036 tonibus
665 1971 805 2058 propriis
830 1992 851 2034 a
872 1968 1080 2034 Normannia
1108 1969 1145 2033 in
1171 1969 1327 2056 Angliam
1354 1991 1462 2034 secum
1496 1969 1551 2035 ad·

500 2073 608 2139 duxit.
654 2073 724 2139 Iter
747 2071 916 2159 arripiens,
941 2092 1031 2136 mare
1058 2071 1196 2150 sulcans,
1227 2073 1317 2159 apud
1340 2070 1550 2138 sandwicum

499 2174 667 2262 applicuit.
725 2174 908 2241 Godwinus
937 2196 1017 2239 vero
1054 2195 1162 2239 comcs
1191 2195 1267 2240 conr
1298 2179 1385 2240 essct
1415 2175 1552 2240 callidas

500 2283 535 2342 et
568 2277 720 2364 proditor
751 2275 952 2343 saevissimus
983 2277 1019 2340 ia
1052 2282 1192 2342 mortem
1219 2277 1358 2342 Aluredi
1392 2278 1552 2364 imagina-

500 2379 607 2446 batur.

329 2488 474 2574 Tmohefy
549 2481 699 2570 Cumque
722 2481 829 2548 (lictus
853 2481 1044 2560 Godwinus,
1061 2503 1169 2547 comes
1200 2480 1340 2562 (lancia,
1364 2481 1446 2548 dicti
1468 2481 1552 2548 Alu-

322 2557 489 2612 ⁰fG⁰d'¹¹²⁹·
502 2586 574 2651 redi
589 2591 624 2652 et
647 2588 819 2651 tantorum
835 2585 1106 2650 Normannorum
1130 2585 1338 2672 cognovisset
1359 2585 1551 2667 adventurn,

502 2689 595 2754 venit
624 2711 699 2754 cum
722 2687 799 2751 filiis
829 2687 897 2752 suis
929 2685 1063 2750 obviam
1094 2687 1134 2767 ei,
1151 2688 1187 2751 in
1213 2687 1278 2752 fide
1301 2709 1361 2752 sua
1385 2687 1456 2753 vics
1477 2710 1551 2775 pro-

502 2791 619 2856 ditoris
650 2790 744 2854 illum
774 2789 952 2876 suscipiens
971 2814 980 2869 ;
1002 2789 1208 2876 propositum
1232 2811 1329 2855 suum
1359 2791 1396 2854 in
1425 2791 1496 2878 ipso
1518 2797 1552 2857 et

501 2895 538 2958 in
573 2893 641 2958 suis
672 2892 952 2958 commilitonibus
983 2891 1019 2956 in
1057 2893 1208 2978 sequenti
1237 2898 1334 2959 nocte
1366 2893 1549 2980 complevit

501 2999 591 3064 Nam
633 3004 708 3087 post
753 2999 833 3064 data
868 2999 958 3085 pacis
996 2999 1105 3063 oscula
1134 3004 1169 3064 et
1198 3000 1278 3065 laeta
1315 3001 1478 3082 convivia,
1515 3000 1550 3064 in

502 3107 662 3190 tempests
692 3101 799 3166 noctis
837 3100 975 3178 silentio,
1008 3121 1082 3164 cum
1112 3101 1278 3166 Alurcdus
1310 3107 1345 3168 et
1374 3101 1445 3188 ejus
1474 3124 1549 3167 con-

502 3205 580 3270 socii
626 3203 735 3291 sopori
782 3203 930 3268 membra
961 3202 1133 3268 dedissent
1170 3205 1206 3268 in
1249 3201 1439 3270 cubilibus⁴
1475 3205 1550 3282 suis,

501 3306 640 3372 inermes
670 3305 787 3392 capti⁶
829 3310 907 3371 sunt
950 3325 1070 3370 omnes.
1133 3306 1288 3372 Manibus
1325 3327 1437 3372 eorum
1474 3311 1550 3394 post

500 3407 659 3496 tergum⁶
680 3409 792 3496 ligatis
816 3407 907 3472 ducti
930 3406 1037 3472 sunt⁷
1061 3429 1121 3494 per
1143 3407 1313 3474 ordinem⁸
1334 3431 1438 3496 usquc
1460 3431 1551 3476 mon·

499 3519 568 3576 tem
600 3513 658 3598 qui
698 3515 838 3576 vocatur
879 3509 1210 3596 Gyldefordesdoun.⁰
1264 3511 1309 3576 Et
1340 3511 1388 3576 ibi
1418 3512 1454 3576 in
1494 3513 1551 3578 via

500 3615 590 3700 regia
619 3615 664 3680 sic
709 3613 805 3700 ligati
816 3611 841 3649 ¹⁰
872 3613 946 3676 illos
988 3613 1175 3678 decimavit.
1221 3614 1421 3681 Numeravit
1462 3616 1549 3682 enim

499 3739 617 3782 novem
648 3722 682 3783 et
712 3737 767 3782 eos
797 3715 999 3802 decapitavit
1036 3721 1071 3781 et
1108 3715 1271 3782 decimum
1302 3717 1419 3784 vivum
1449 3739 1549 3786 reser-

499 3819 600 3885 vavit.

544 3921 648 3988 Facta
676 3921 742 3986 ista
772 3920 989 3988 decimatione
1019 3921 1160 3988 dolenda
1183 3923 1360 3990 videbatur
1386 3923 1549 3990 Godwino

635 4159 641 4164 .
653 4159 979 4166 ..———--.--—---—--1
1296 4161 1406 4168 ...ς-...ῃ-
1413 4163 1520 4170 ---“..
1535 4163 1549 4171 0

535 4268 541 4296 ¹
547 4265 628 4330 filiam
647 4266 752 4332 nomiae]
772 4281 821 4318 om.
855 4265 887 4318 B.
1080 4269 1205 4336 ’ίινφιηῇ
1225 4277 1304 4336 terga.
1337 4269 1402 4322 B.D.

532 4345 696 4412 ²Lambliry]
727 4345 841 4410 Perhaps
868 4346 913 4396 tlre
939 4347 1003 4410 yis
1079 4391 1088 4416 ‚

498 4434 583 4476 meant
611 4427 651 4475 sor
679 4425 704 4476 a
727 4425 754 4476 in
776 4425 810 4476 Δ.
836 4425 1002 4491 Lambhytlre.
1100 4388 1169 4454 Μ]
1189 4403 1282 4440 ⁰an
1299 4390 1355 4441 'dd‘
1389 4387 1420 4440 B*

478 4506 564 4557 ,B.D.
1078 4507 1143 4573 'per
1153 4507 1272 4574 ordinem]
1291 4523 1341 4559 om.
1374 4507 1406 4557 B.

532 4582 961 4730 :giiiifffi‘iqmffilggllffidl'sslgn'
1078 4623 1337 4715 [Gyldesordesdoun]
1375 4625 1545 4693 Gydefordes·
1630 4614 1634 4624 ’

533 4743 634 4810 ‘capto
654 4759 703 4794 om.
721 4743 759 4802 a,
780 4743 861 4794 aaa
878 4743 905 4793 in
921 4759 1000 4810 marg.
1043 4719 1126 4768 <¹⁰r¹1·
1161 4718 1192 4770 Β·

498 4823 988 4890 andresenedtoitsplacabyacaoet.
1076 4823 1187 4891 ¹⁰Ilpaa]
1207 4824 1303 4890 ligatos.
1338 4823 1403 4876 B.D.
