3590 5844
449 755 515 820 344
740 761 922 820 summor
945 762 1198 818 nrsroamnuu.

280 949 408 1004 ruanis
448 947 509 1013 hoc
532 943 629 1014 modo
651 945 841 1012 cedentibus
864 945 1010 1012 Hiderus
1031 943 1120 1010 filius
1147 942 1201 1010 Ur
1225 964 1299 1010 cum
1322 959 1388 1008 vnn
1412 963 1505 1008 acce·

282 1019 383 1150 ‘gfff
448 1048 575 1114 lerabat
595 1054 634 1113 ut
656 1047 778 1116 eisdem
798 1045 998 1114 subveniret.
1044 1044 1220 1112 Resiatunt
1233 1065 1322 1110 nunc
1337 1043 1504 1119 Britones,

282 1153 388 1205 Anum.
450 1151 507 1238 qui
545 1151 643 1238 paulo
680 1157 758 1216 ante
796 1156 890 1238 terge
920 1149 1080 1216 dederant
1113 1169 1202 1214 nunc
1239 1153 1372 1235 pectora
1403 1168 1504 1234 oppo-

449 1251 588 1322 nentes¹
613 1253 740 1319 validos
763 1254 847 1318 ictus
870 1253 1084 1340 ingeminant
1140 1249 1316 1318 Resistimt
1348 1249 1505 1326 Romani,

450 1355 645 1442 quandoque
679 1362 902 1443 prosternunt,
925 1354 1122 1441 quandoque
1157 1357 1430 1440 prostemuntur;
1467 1357 1506 1416 at

452 1459 605 1525 Britones
620 1463 693 1524 toto
715 1458 832 1524 affectu
856 1457 1013 1523 militiam
1029 1455 1236 1544 adoptabant
1257 1455 1316 1520 sed
1338 1477 1398 1520 nec
1420 1453 1508 1520 mul-

451 1565 525 1628 tum
556 1561 717 1627 curabant
743 1560 779 1624 in
806 1582 903 1646 quem
931 1563 1089 1624 eventum
1116 1559 1301 1624 inciderent
1322 1558 1401 1623 dum
1433 1579 1506 1622 eam

451 1663 661 1752 incipiebant.
708 1663 858 1728 Petreius
896 1666 1007 1728 autem
1045 1681 1120 1728 suos
1157 1662 1322 1748 sapienter
1357 1659 1505 1738 docebat,

452 1787 542 1832 more
564 1765 643 1831 boni
666 1765 768 1846 ducis,
793 1785 881 1830 nunc
900 1763 1067 1851 diffugere,
1090 1785 1179 1830 nunc
1201 1785 1391 1850 oppugnare
1418 1761 1507 1849 quod

452 1869 635 1934 maximum
666 1868 823 1932 damnum
846 1866 1040 1932 Britonibus
1062 1865 1298 1953 impendebat;
1321 1865 1409 1952 quod
1432 1887 1506 1930 cum

453 1971 574 2036 Bosoni
597 1975 800 2057 compertum
824 1974 918 2046 esset,
936 1969 1047 2056 plures
1062 1989 1196 2034 suorum
1213 1989 1295 2054 quos
1317 1967 1508 2032 audaciores

453 2077 592 2138 noverat
625 2072 773 2159 sejunxit
804 2093 825 2136 a
856 2071 983 2138 caeteris
1017 2075 1052 2136 et
1083 2093 1139 2136 eos
1168 2071 1229 2137 hoc
1259 2070 1357 2136 modo
1387 2069 1507 2136 affatus

454 2179 505 2240 est
519 2200 573 2240 :-

499 2276 664 2358 Quoniam
688 2276 852 2344 nesciente
880 2274 1028 2340 Artburo
1058 2274 1171 2342 istud²
1201 2275 1356 2362 proelium
1386 2273 1509 2362 incepi-

453 2401 528 2446 mus
548 2380 731 2446 cavendum
757 2379 853 2444 nobis
876 2383 928 2444 est
950 2399 992 2443 ne
1013 2379 1048 2442 in
1072 2377 1216 2464 pejorem
1238 2383 1366 2464 partem
1385 2375 1509 2463 incepti

454 2481 560 2548 nostri
590 2480 790 2548 decidamus.
864 2479 953 2544 Nam
983 2481 1012 2545 si
1041 2479 1077 2544 in
1107 2479 1199 2546 illam
1229 2480 1445 2546 deciderimus
1474 2483 1510 2544 et

454 2583 637 2648 maximum
661 2581 819 2646 damnum
843 2581 988 2647 militum
1017 2587 1206 2648 nostrorum
1230 2580 1447 2648 incurrimua⁸
1473 2587 1509 2646 et

454 2706 564 2770 regem
600 2689 750 2749 nostrum
791 2683 835 2748 ad
872 2683 1094 2750 execrandum
1130 2703 1193 2751 nos
1222 2683 1508 2750 commovebimua.

455 2786 625 2852 Resumite
647 2785 818 2850 eudociam
841 2791 875 2851 et
904 2787 1080 2872 sequimini
1109 2809 1162 2852 mc
1192 2808 1250 2874 per
1273 2791 1422 2853 catervas
1444 2785 1509 2850 Ro-

454 2908 628 2954 manorum
650 2891 690 2952 ut
720 2887 750 2952 si
772 2887 907 2954 fortuna
933 2887 1056 2954 faverit
1080 2889 1248 2954 Petreium
1274 2889 1510 2955 interficiamus

456 2991 526 3058 sive
557 2991 733 3077 capiamus.
795 2988 1035 3056 subduxerunt
1071 2991 1208 3057 calcarm
1246 2993 1338 3078 equis
1368 2992 1436 3057 suis
1474 2994 1510 3056 et

456 3113 575 3160 cuneos
596 3093 742 3158 hostium
768 3093 841 3179 pari
865 3093 991 3181 impetu
1014 3099 1226 3180 penetrantes
1245 3095 1289 3160 ad
1314 3093 1421 3160 locum
1445 3114 1511 3180 quo

456 3195 608 3261 Petreius
637 3195 742 3261 socios
769 3215 845 3261 suos
875 3195 1102 3262 commonebat
1126 3201 1298 3263 venerunt
1346 3195 1388 3261 In
1412 3217 1511 3282 quern

456 3298 546 3364 ocius
570 3297 657 3363 Boeo
681 3297 810 3363 irruens
837 3297 978 3364 eundem
1008 3319 1067 3385 per
1091 3298 1212 3364 collum
1238 3299 1456 3386 amplectitur,
1477 3303 1513 3364 et

457 3399 543 3466 sieut
571 3399 823 3487 praemeditatus
845 3399 955 3466 fuerat
981 3423 1057 3466 cum
1088 3401 1146 3468 illo
1170 3401 1206 3466 in
1233 3407 1356 3468 terram
1379 3401 1512 3468 corruit.

459 3501 668 3568 Concurnmt
705 3523 783 3588 ergo
814 3499 956 3567 Romani
993 3509 1033 3568 ut
1064 3525 1140 3568 eum
1169 3503 1321 3570 hostibus
1358 3504 1511 3592 eripiant,

457 3607 655 3670 concurrunt
681 3608 793 3668 eutem
820 3603 973 3670 Britones
999 3610 1039 3670 ut
1063 3605 1183 3672 Bosoni
1215 3607 1425 3672 auxilientur.

503 3706 561 3771 Fit
583 3705 694 3792 itaque
725 3706 813 3771 inter
843 3728 898 3772 eos
928 3708 1076 3772 maxima
1104 3709 1219 3789 caedes,
1243 3709 1283 3774 fit
1313 3695 1443 3787 clamor,
1470 3709 1513 3774 fit

457 3807 617 3890 turbatio,
646 3807 725 3872 dum
755 3807 790 3872 hi
821 3808 937 3874 ducem
967 3831 1064 3876 suum
1097 3810 1263 3889 liberans*
1291 3811 1341 3876 illi
1370 3811 1512 3877 eumdem

457 3911 598 3976 retinere
639 3914 842 3976 conarentur.
905 3909 1053 3978 Invicem
1098 3935 1176 4000 ergo
1212 3913 1433 3979 vulnerabant
1477 3919 1513 3980 et

458 4010 743 4092 vulnerabantur,⁵
766 4013 1019 4100 prosternebant
1045 4017 1080 4081 et
1111 4013 1425 4103 prostemebuntur.⁶
1468 4013 1515 4082 Il-

1083 4257 1318 4266 ----·------—
1357 4258 1373 4265 ο
1389 4257 1443 4264 ...-
1464 4258 1511 4264 ...-

494 4427 669 4496 ¹oppcnentes]
688 4437 846 4494 apponentes
881 4431 945 4482 B.D.
1048 4429 1228 4483 ’vulnerabunt
1254 4442 1277 4484 et
1308 4429 1512 4503 adnotabuntur]

493 4508 591 4575 ²istrd]
610 4508 665 4559 hoc.
699 4509 730 4559 B.
1013 4513 1358 4564 vulnerantetvulnerantur.
1392 4515 1425 4564 D.

492 4589 503 4618 ⁸
514 4589 671 4654 incurrimus]
693 4589 855 4640 incurremus.
880 4589 944 4641 BJ).
1045 4594 1055 4622 ⁸
1063 4591 1248 4658 prosternebant
1258 4603 1280 4644 et
1287 4594 1515 4664 prosternebantur]

494 4667 630 4736 *liaraaq
650 4669 762 4719 liberare.
797 4669 861 4719 Ill).
1012 4679 1171 4735 prosternunt
1182 4679 1207 4722 ct
1218 4681 1412 4738 prosternuntur.
1447 4677 1480 4728 D.
