3696 5794
620 872 803 922 uonoonru
827 873 1077 926 msronmnon
1306 864 1371 936 157

321 1068 382 1112 nos
416 1050 539 1112 terrum
573 1047 658 1114 hano
690 1049 819 1137 jugiter
857 1049 1059 1117 infestabant
1096 1053 1153 1118 sed
1190 1075 1249 1140 per
1286 1071 1370 1122 xxx

319 1173 423 1216 annos
445 1151 482 1215 in
504 1150 562 1217 eo¹
587 1151 743 1219 continue
766 1159 1000 1241 regnaverunt.

364 1253 579 1320 Postmodum
612 1277 692 1321 vero
724 1255 866 1322 Sanetus
897 1256 1083 1322 Edwardus
1115 1259 1246 1325 Tertius
1281 1278 1367 1327 xxx.

319 1357 424 1422 unnis.
471 1357 516 1423 Et
549 1363 624 1443 post
657 1380 733 1424 eum
758 1356 927 1424 Iluroldue
950 1376 997 1426 lx.
1031 1361 1200 1427 mensibus
1230 1385 1369 1451 regnum

318 1457 450 1524 tenuit⁹
495 1459 575 1525 Post
608 1481 689 1546 quos
712 1460 897 1526 Normunui
919 1462 956 1526 in
978 1484 1143 1549 eousque
1167 1465 1264 1531 hodie
1287 1485 1513 1552 prae-Tneuor-

319 1562 469 1627 uiderunt
482 1561 513 1643 ;8
544 1561 723 1649 quamdiu⁴
745 1563 961 1650 imposterum
983 1566 1147 1632 tenebunt
1180 1570 1277 1634 novit
1309 1569 1461 1636 menam.

318 1664 371 1728 oui
392 1665 476 1728 nihil
498 1665 588 1730 lutet
634 1666 685 1731 De
716 1683 779 1732 vu.
803 1689 882 1733 vero
915 1669 1026 1755 regnis
1050 1671 1217 1756 praediotis
1241 1693 1370 1738 eorum-

320 1766 405 1853 que⁶
440 1766 611 1848 limitibus,
635 1769 766 1854 quondo
798 1771 1001 1857 inceperunt,
1025 1770 1210 1858 quantum⁶
1233 1775 1371 1843 durave-

319 1875 407 1951 runt,
430 1870 672 1957 aliquantulum
694 1871 861 1940 breviter⁷
883 1873 937 1940 hio
959 1873 1200 1962 perstringam.⁸

709 2165 790 2233 Onr.
814 2165 977 2234 CLXXV.

459 2355 546 2438 Quot
567 2354 756 2442 Regn'cmeea
771 2356 923 2444 feceruut
945 2357 988 2424 iu
1011 2357 1244 2426 Britannia.¹⁰

364 2511 509 2578 Pluuunt
531 2537 670 2603 regnum
693 2517 759 2582 fuit
782 2515 974 2584 Oeutunriae
995 2517 1038 2583 ub
1069 2517 1217 2584 Australi
1240 2517 1370 2584 Oceano
1383 2529 1470 2581 Otene

320 2637 423 2703 nsque
445 2619 488 2683 ud
510 2617 634 2684 flumen
666 2619 818 2686 Tumisiae
851 2625 1051 2706 protensum,
1076 2621 1112 2685 in
1145 2643 1211 2707 quo
1245 2597 1519 2715 primun¹i‘1}¹¹1⁸3‘f¹3‘}{u⁰·}¹

322 2720 506 2807 Hengistus
539 2721 602 2786 sub
639 2744 728 2788 nuno
766 2723 913 2802 Domini,
946 2724 1125 2790 seeundum
1160 2723 1369 2811 Dionysium,
1381 2731 1534 2797 (ungland).

321 2839 453 2890 coconv.
476 2845 615 2911 regnare
649 2826 751 2912 ooepit
763 2849 771 2906 ;
803 2830 838 2891 et
861 2826 996 2892 duravit
1029 2827 1112 2893 illud
1143 2849 1281 2914 regnum
1313 2815 1521 2932 perffffiglglfsse·

321 2947 425 2991 annos
447 2943 646 3010 ooouxvun,
670 2928 732 2993 sub
764 2929 887 3016 regulis
910 2946 975 3007 xv„
1000 2929 1103 2996 donee
1126 2930 1288 2996 Buldredo
1312 2953 1369 2996 ex·
1382 2950 1479 3017 luent.=

320 3028 413 3114 pulso
436 3030 613 3109 Edburtns,
629 3051 689 3096 rex
704 3025 969 3113 westsaxonum,
985 3032 1075 3124 illud·
1091 3053 1228 3120 regnum
1251 3055 1369 3100 anneo-

321 3136 407 3197 teret
429 3155 530 3220 regno
553 3155 619 3200 sun.

357 3374 419 3440 leo]
438 3390 476 3425 eo.
509 3375 541 3426 B.
871 3374 933 3435 MS„
944 3375 1033 3440 begins
1052 3376 1153 3426 eserie
1165 3377 1194 3427 ol
1208 3377 1332 3428 additione
1342 3385 1369 3428 to

354 3457 464 3522 ²temo't]
483 3462 622 3518 tenuerunt
657 3455 723 3506 B.D.
871 3453 912 3504 the
935 3453 1101 3518 descriptione
1120 3455 1150 3505 of
1166 3455 1208 3505 the
1225 3453 1368 3520 kingdom,

354 3535 548 3604 'mundorum
568 3535 709 3599 prusident
743 3534 809 3584 B.D.
871 3533 925 3594 eo,
936 3533 964 3582 in
976 3535 1019 3584 the
1027 3533 1171 3599 Eulogium.
1189 3535 1263 3601 They
1275 3537 1369 3586 extend

354 3617 363 3646 ⁴
373 3615 501 3681 quamdin]
538 3616 565 3665 A
576 3615 645 3666 short
657 3629 756 3666 erasure
767 3629 822 3679 pre·
871 3627 932 3662 over
942 3612 986 3662 the
997 3613 1046 3664 feet
1057 3613 1088 3663 of
1101 3613 1188 3664 eleven
1199 3629 1275 3680 peges
1286 3615 1317 3664 of
1330 3616 1369 3677 B.‚

324 3695 479 3747 erdeeinll.
869 3693 917 3742 und
946 3707 990 3744 ure
1012 3693 1112 3744 written
1140 3694 1317 3760 conunuouely
1341 3696 1368 3746 in

353 3774 432 3841 ὅᾳιιεε]
446 3770 485 3840 K]
505 3775 540 3824 A.
869 3772 1027 3822 consecutive
1035 3773 1195 3837 peregi-ephe
1212 3773 1295 3824 These
1303 3775 1367 3825 here

355 3854 504 3920 ⁶querutum]
520 3859 613 3918 quanto
622 3860 740 3918 tempore.
757 3852 822 3904 RD,
870 3851 933 3900 been
944 3851 1043 3901 broken
1059 3867 1093 3916 up
1103 3853 1130 3901 in
1142 3852 1185 3902 the
1202 3853 1301 3916 printed
1312 3861 1367 3904 text

355 3933 491 3999 'breviter]
504 3949 553 3984 orn.
589 3933 655 3984 B.D.
867 3931 918 3980 end
934 3932 1064 3995 appended
1083 3939 1109 3982 to
1130 3931 1201 3982 those
1218 3931 1329 3996 portione
1340 3933 1370 3983 of

355 4013 477 4063 8Divisio
498 4026 635 4076 regnorum
660 4011 769 4076 Angliae.
795 4011 821 4061 in
867 4009 909 4059 the
926 4009 1063 4076 Eulogium
1083 4010 1113 4061 os
1127 4011 1211 4062 which
1229 4012 1290 4078 they
1301 4027 1367 4064 were

322 4107 402 4158 marg.
425 4092 459 4142 A.
492 4091 533 4141 De
554 4091 602 4140 hoe
624 4105 704 4156 regno
723 4097 749 4141 et
768 4089 822 4154 ejus
866 4088 994 4156 evidently
1005 4089 1126 4140 intended
1146 4091 1234 4156 hythe
1245 4090 1329 4142 writer
1340 4099 1366 4142 to

321 4173 422 4236 regibus
438 4169 495 4221 ride
515 4170 542 4220 in
561 4169 588 4219 li.
609 4185 633 4218 r.
654 4168 681 4218 in
700 4169 820 4234 margine.
866 4182 937 4218 serre
965 4183 993 4218 ae
1020 4175 1132 4234 reparate
1166 4169 1365 4234 amplificatione.

320 4251 347 4300 in
358 4265 437 4315 marg.
449 4250 478 4300 Β.
490 4249 517 4299 in
534 4249 576 4300 the
592 4248 662 4300 hund
673 4249 715 4314 (a)
731 4249 760 4298 ol
778 4249 821 4300 the
866 4245 921 4297 The
928 4248 1002 4298 order
1009 4247 1127 4299 inwhioh
1135 4249 1204 4300 there
1213 4252 1369 4315 paragrapho

322 4331 455 4380 additione.
864 4325 1041 4378 succeedinB.·
1049 4327 1316 4380 nillbeevidentl'rom
1324 4330 1366 4380 the

353 4409 506 4474 'Rumoneq
525 4408 615 4474 Reges.
649 4407 714 4460 B.D.
865 4405 995 4472 following
1013 4407 1096 4458 listol
1109 4407 1175 4458 their
1190 4409 1367 4473 commeneing

354 4490 372 4520 ¹⁰
384 4489 535 4554 Britannia]
549 4487 654 4553 Anglie.
685 4486 749 4539 B.D.
784 4487 821 4538 At
865 4491 1011 4536 eonteneee:
1043 4485 1075 4537 1⁰.
1098 4486 1365 4552 “Regnoweeteaxo·

321 4569 363 4619 the
376 4569 606 4633 sootolthutpuge
617 4567 668 4617 und
682 4567 826 4618 columnus
866 4563 951 4614 num.”
987 4569 1022 4615 20.
1050 4564 1157 4630 “Reges
1187 4565 1366 4616 Mereiorum.'’

321 4649 351 4698 B.
362 4650 389 4698 in
399 4648 481 4698 which
488 4647 539 4698 thie
547 4647 650 4711 chapter
656 4660 820 4710 oommenoee,
866 4648 901 4692 ³⁰.
914 4644 930 4670 “
937 4641 1021 4708 Reges
1026 4642 1191 4694 Orientalium
1198 4642 1365 4708 Angloruru.”

320 4729 420 4780 written
429 4728 456 4777 in
465 4725 821 4792 uhend(n)neurlycontem·
866 4729 901 4772 4⁰.
914 4721 929 4747 ‘⁴
938 4721 1021 4787 Reges
1032 4721 1199 4774 Orientalium
1214 4723 1365 4773 Sexomun.”

320 4825 411 4876 porery
423 4793 484 4860 nith
495 4808 550 4859 thet
560 4806 590 4857 ol
600 4807 642 4858 the
652 4811 708 4858 text
718 4804 748 4856 of
764 4805 819 4857 thet
866 4808 900 4856 5⁰.
913 4807 928 4834 ‘⁴
936 4801 1019 4868 Reges
1031 4799 1342 4853 herimannorum?
