3674 5800
610 893 792 946 naccum
814 893 1062 946 marculiscus.
1317 882 1359 946 45

309 1065 417 1146 rifero,
449 1085 601 1164 cypresso
638 1065 768 1146 similia,
807 1065 886 1153 quI¹
919 1064 1045 1132 tenuo⁸
1082 1063 1240 1152 lanugine
1281 1069 1512 1132 contomni-

310 1170 461 1236 obducta.
510 1168 629 1256 Ibique
651 1169 767 1236 crescit
781 1168 885 1236 herba
907 1189 981 1255 qum
1005 1168 1128 1234 dicitur
1144 1167 1345 1254 Euphorbic,

1347 1147 1444 1205 staria

310 1295 331 1338 a
368 1293 428 1338 sno
458 1271 634 1338 inventore
667 1271 713 1338 sic
745 1271 926 1352 nominata,
963 1270 1056 1356 cujus
1090 1269 1214 1336 lacteus
1248 1292 1360 1337 succus

309 1374 401 1440 miris
423 1373 578 1440 laudibus
598 1374 782 1455 extollitur,
805 1373 849 1439 ad
870 1374 1056 1440 claritatem
1078 1372 1170 1438 viarm
1190 1377 1225 1439 et
1247 1379 1362 1440 contra

311 1482 500 1565 serpentum
523 1478 610 1545 ictus
634 1477 717 1545 mire
737 1477 937 1563 jurativum
984 1476 1058 1542 Hoc
1081 1475 1217 1542 Plinius.

760 1801 839 1870 Osr.
864 1802 938 1868 LII.

700 2003 750 2071 De
767 2005 1004 2074 Garamantici.

360 2204 593 2272 (immam
629 2206 720 2293 regio
754 2210 812 2285 est,
847 2206 940 2294 cujus
977 2211 1078 2294 caput
1108 2207 1266 2294 oppidum
1296 2202 1501 2284 fuitOIGfffi·

314 2307 477 2389 Garama3
500 2313 550 2374 est
565 2313 677 2374 autem
700 2309 790 2374 inter
813 2307 967 2395 Cyrenen
989 2313 1024 2376 et
1047 2308 1260 2398 AEtbiopiam.
1308 2279 1475 2375 Ibimm'

313 2411 401 2476 enim
424 2416 474 2476 est
495 2409 569 2478 fone
592 2411 650 2498 qui
683 2411 783 2500 friget
814 2411 919 2479 calore
953 2411 1028 2494 diei,
1062 2418 1097 2478 et
1127 2412 1212 2479 calet
1243 2412 1363 2500 frigore

314 2514 427 2582 noctis.

729 2817 807 2886 Otr.
833 2817 929 2884 LIII.

714 3019 765 3088 De
779 3018 963 3108 AEtlcc'opin

356 3225 478 3292 Tuast
499 3224 558 3290 illa
580 3223 669 3290 dicta
691 3227 743 3290 est
764 3245 785 3290 a
807 3223 914 3290 colore
936 3225 1155 3312 populorum,⁴
1176 3248 1258 3314 quos
1279 3228 1358 3294 solie
1373 3231 1536 3297 cmmode.

315 3329 470 3396 vicinitas
501 3331 615 3404 torret,
639 3325 781 3412 denique
803 3327 873 3392 vim
894 3328 1009 3394 sideris
1044 3329 1164 3416 probat
1192 3330 1363 3398 hominum

316 3432 411 3498 color.
458 3429 520 3496 Est
542 3428 632 3495 enim
655 3429 703 3494 ibi
721 3429 815 3516 jugie
830 3435 938 3508 matus,
962 3452 1042 3497 nam
1057 3433 1215 3519 quicquid
1229 3434 1300 3521 ejus
1314 3441 1365 3501 est

318 3533 380 3600 sub
395 3531 580 3598 Meridiano
596 3530 728 3597 cardine
743 3536 803 3612 eet,
819 3532 905 3598 circa
920 3530 1099 3600 Occiduum
1115 3541 1291 3603 montuosa
1305 3543 1364 3616 est,

316 3657 452 3702 arenosa
466 3635 503 3700 in
517 3634 634 3712 medio,
650 3633 695 3698 ad
711 3633 916 3700 Orientalem
931 3633 1063 3723 plagam
1078 3638 1214 3705 deserta
1261 3639 1365 3726 Cujus

317 3737 401 3803 situs
423 3736 465 3802 ab
488 3735 633 3802 Occiduo
655 3734 805 3800 Atlantis
828 3735 955 3802 Montis
985 3737 1028 3803 ad
1060 3738 1230 3807 Orientem
1262 3764 1366 3829 usque

316 3839 456 3926 AEgypti
478 3838 561 3902 fines
588 3837 779 3924 porrigitur,
802 3859 824 3902 a
854 3837 1039 3906 Meridiono
1063 3841 1202 3924 Oceano,
1234 3866 1254 3910 a
1286 3845 1366 3932 Sep-

317 3943 483 4009 tentrione
506 3939 586 4006 Nilo
609 3939 746 4006 flumine
770 3939 944 4008 clauditur.
991 3942 1106 4010 Plures
1127 3946 1229 4012 habet
1250 3953 1366 4035 gentes

318 4045 447 4110 diverso
491 4041 590 4108 vultu
638 4047 673 4108 et
712 4042 818 4130 specie
863 4043 1043 4126 horribiles,
1081 4046 1223 4114 ferarum
1267 4056 1367 4137 etque

318 4146 522 4234 serpentium
544 4143 666 4210 referta
687 4144 913 4212 multitudine.
959 4145 1033 4213 Illic
1055 4153 1106 4216 est
1128 4151 1234 4218 bestia
1255 4152 1366 4218 rhino-

319 4271 418 4330 ceros,
445 4247 627 4328 basiliscus,
658 4251 692 4312 et
723 4247 969 4334 camelopardus
1016 4249 1174 4319 dracones
1207 4254 1365 4342 ingentes,

319 4374 360 4420 ex
398 4372 538 4438 quorum
576 4349 708 4416 cerebro
745 4371 883 4436 gemmae
920 4353 1151 4421 extrahuntur.
1196 4356 1368 4424 «iacinctus

355 4693 512 4760 ¹qc1]qmc.
546 4693 580 4743 D.
896 4695 1079 4763 'Eupdcrtr'c]
1097 4699 1242 4764 Ilnpbrcbn
1277 4701 1308 4751 B.

354 4771 458 4837 2ΐοιιιιο]
477 4785 541 4823 corr.
553 4770 629 4822 unci.
896 4774 1180 4843 ⁴p0pu10m]popuu.
1214 4779 1278 4830 B.D.
