3696 5794
241 2447 247 2460 .
347 2400 412 2464 nisi
435 2400 544 2465 alieno
567 2401 703 2467 consilio
727 2401 807 2466 duct
792 2405 856 2482 tus,
880 2407 1012 2467 mortuo
1036 2401 1210 2482 Godwino,
1233 2408 1374 2469 matrem

648 906 829 956 nusomuu
852 905 1102 956 msronnsauu.
1332 897 1394 957 185

351 1073 519 1140 Harafote.
566 1075 684 1142 Emma
715 1099 794 1144 vero
817 1079 857 1144 dc
879 1078 986 1165 primo
1009 1077 1130 1142 marito
1152 1099 1212 1144 suo
1236 1077 1398 1162 Egelredo

349 1176 430 1242 duos
452 1177 539 1242 filios
561 1185 757 1267 susceperat,
781 1180 911 1246 scilicet.
927 1179 1102 1245 Alfredum
1124 1185 1159 1244 et
1175 1180 1397 1258 Edwardum3

349 1279 407 1362 qui
430 1279 616 1346 Edwardus
638 1287 714 1368 post
736 1287 886 1368 tempora
908 1282 1061 1370 regnavit
1073 1306 1081 1362 ;
1105 1304 1187 1368 quos
1209 1281 1292 1347 duos
1314 1281 1400 1346 filios

349 1379 484 1446 Knutus
507 1403 566 1446 rex
589 1389 740 1471 suscepta
762 1383 881 1448 Emma
901 1383 939 1448 in
961 1405 1100 1449 uxorem
1122 1384 1215 1449 misit
1237 1384 1273 1448 in
1295 1384 1397 1471 parti-

348 1481 411 1546 bus
432 1485 663 1550 transmarinis
684 1487 728 1550 ad
750 1485 943 1551 educandos.
979 1485 1098 1550 Emma
1120 1487 1261 1551 secundo
1284 1485 1399 1571 regina

348 1583 458 1669 plures
489 1587 666 1671 promovit,
691 1587 774 1652 alios
805 1588 981 1674 episcopos,
1013 1589 1096 1652 alios
1130 1588 1276 1668 comites,
1315 1587 1398 1652 alios

348 1684 494 1765 barones,
511 1687 569 1772 qui
591 1689 655 1752 sibi
677 1689 809 1754 fuerant
830 1688 1027 1755 favorabiles
1049 1695 1196 1777 tempore
1220 1691 1314 1755 exilii
1336 1689 1396 1768 sui,

347 1787 435 1852 inter
457 1810 540 1874 quos
563 1789 765 1856 Godwinum
788 1791 943 1856 comitem
965 1791 1129 1879 praecipue
1154 1792 1283 1858 dilexit.

328 1947 329 1953 ,
396 1889 542 1977 Regibus
572 1892 708 1958 tandem
739 1892 880 1959 mortuis
914 1897 949 1958 et
971 1893 1096 1981 Anglia
1127 1893 1244 1960 orbata
1276 1917 1397 1982 magna

348 1990 437 2056 facta
466 1997 518 2057 est
551 1993 711 2060 dissensio
744 1995 781 2058 in
812 1994 929 2080 patria,
954 1993 1117 2060 Godwino
1140 1996 1259 2062 comite
1282 2017 1396 2084 super-

348 2093 447 2174 stite3
477 2095 621 2180 qualiter
651 2096 814 2161 miserunt
836 2117 896 2184 pro
918 2095 998 2162 filiis
1021 2097 1107 2184 regis
1129 2097 1283 2184 Egelredi
1306 2120 1396 2164 coro·

347 2195 474 2275 nandis,
513 2197 616 2263 Gesta
653 2197 851 2263 Britannica
887 2203 940 2264 sat
940 2198 969 2262 is
925 2197 1186 2264 t.declarant
1249 2199 1395 2265 Tandem
1409 2241 1471 2293 Μ,
1473 2243 1565 2294 mmm

348 2296 533 2364 Edwardus
563 2304 704 2386 regnat;
735 2299 789 2365 hic
822 2299 911 2364 enim
942 2299 1027 2364 nihil
1064 2300 1186 2387 agens¹
1227 2323 1394 2389 perperam
1409 2309 1446 2426 ἕο
1444 2310 1554 2427 Dreib‘ls

1382 2403 1395 2440 ρ
1557 2415 1563 2428 .

347 2501 513 2588 propriam
533 2525 593 2570 nec
626 2503 722 2590 plano
745 2503 883 2584 colebat,
914 2525 975 2568 nec
998 2503 1128 2590 publice
1151 2505 1393 2571 confundebat·

349 2603 390 2668 do
413 2606 548 2671 consilio
579 2605 786 2691 quonmdam
808 2605 874 2670 sibi
896 2605 1122 2671 assistentium
1144 2607 1287 2693 pretiosa
1310 2631 1398 2694 qum·

348 2727 412 2792 que
435 2706 476 2771 de
499 2711 686 2773 matresua
708 2707 803 2794 cepit,
827 2707 883 2772 vel
905 2709 984 2793 quia
1004 2708 1106 2773 nimis
1128 2708 1212 2774 dura
1233 2709 1299 2775 fuit
1320 2711 1397 2776 filiis
1410 2745 1459 2798 His
1468 2747 1507 2797 5·ss

348 2811 427 2872 ante
450 2813 637 2896 susceptum
659 2831 808 2896 regnum,
823 2808 878 2874 vel
901 2809 980 2894 quia
1006 2809 1117 2896 plures
1139 2810 1196 2896 qui
1219 2811 1284 2876 sibi
1306 2813 1544 2934 ΡιίιιιιῑἚθῡ
1499 2821 1542 2866 ent

348 2911 576 2977 benefacerent
598 2911 791 2978 advocabat.
831 2913 927 2977 Inter
949 2913 1052 2998 quos⁸
1074 2913 1209 3000 quidam
1233 2896 1426 2981 Robertus⁰

349 3013 536 3092 monachus,
562 3035 659 3100 quem
693 3013 801 3100 primo
832 3013 955 3081 fecerat
987 3015 1176 3132 episcopum
1207 3016 1396 3095 Londoniae,

349 3120 425 3202 post
446 3115 723 3204 archiepiscopum
739 3115 829 3182 Cant
814 3116 932 3182 tuariae
943 3142 951 3198 3
975 3118 1066 3204 cujus
1088 3117 1224 3184 oonsilio
1246 3141 1306 3184 rex
1328 3119 1397 3206 ipse

350 3217 491 3304 simplex
513 3223 653 3285 matrem
676 3218 882 3305 despoliavit,
899 3223 934 3284 et
948 3224 1082 3306 propter
1103 3219 1240 3285 nimiam
1255 3219 1399 3308 episcopi

351 3318 544 3406 Wyntoniae
566 3321 837 3402 familiaritatem,
853 3320 1024 3387 Alwinum
1046 3323 1187 3400 nomine,
1211 3321 1307 3388 bonis
1331 3344 1399 3388 om·

349 3422 448 3487 nibus
470 3422 622 3509 privata⁴
636 3423 674 3489 in
695 3423 894 3489 monasterio
918 3423 959 3488 de
974 3420 1164 3489 Wharwel⁶
1188 3423 1401 3506 detrudebat3

352 3523 547 3592 Alwinum⁰
567 3548 646 3592 vero
669 3526 859 3614 episcopum
881 3525 1106 3593 incarceravit

396 3628 515 3694 Emma
544 3629 706 3714 siquidem
735 3629 847 3694 laxius
880 3629 1046 3695 custodita
1077 3628 1207 3716 scripsit
1241 3627 1399 3715 episcopis

350 3729 525 3817 Angliaef
516 3753 553 3795 m
586 3729 706 3817 quibus
740 3715 926 3798 confidebat
957 3732 1046 3816 quod
1082 3731 1156 3817 plus
1188 3731 1228 3796 de
1260 3731 1399 3818 praesule

351 3833 543 3918 Wyntoniae
559 3835 637 3899 et
609 3857 680 3920 ojus
703 3834 857 3899 dedecore
877 3855 976 3920 quam
993 3833 1033 3898 de
1047 3833 1179 3920 propria
1201 3831 1399 3898 verecundia

350 3936 545 4023 poenitebat,
568 3935 733 4002 affirmans
755 3957 791 4001 se
813 3935 878 4001 Dei
904 3935 1031 4022 judicio
1064 3935 1205 4022 ferrique
1228 3935 1399 4001 candentis

350 4039 501 4105 examine
523 4039 710 4126 episcopum
732 4037 801 4104 fore
822 4038 946 4124 injusto
968 4037 1185 4104 diffamatum.
1234 4037 1398 4104 Conveni-

351 4147 444 4208 entes
475 4164 554 4208 voro
591 4141 734 4229 episcopi
767 4161 879 4228 regem
910 4141 954 4206 ad
990 4145 1107 4229 rogata
1140 4141 1308 4206 fluxerunt
1339 4139 1399 4205 ubi

351 4244 516 4311 Robertus
538 4243 798 4332 archiepiscopus
821 4241 1051 4324 obstetisset3⁷
1082 4243 1261 4324 Quomodo,
1277 4242 1397 4328 inquit,

346 4443 482 4451 ---....-..„
491 4441 538 4448 ..m-

385 4567 490 4634 'cpeuq
510 4569 610 4619 habens
643 4567 674 4618 B.
936 4565 1068 4632 ‘privam
1087 4565 1217 4630 privatam.
1251 4565 1315 4616 RD.

384 4649 517 4714 2πιπτει]
537 4649 813 4700 OnanerasureinB.
934 4645 1094 4712 ⁵Wuarce1]
1113 4644 1265 4701 erarwell.
1299 4645 1329 4694 Β.

384 4729 475 4794 'quos]
494 4729 586 4778 Added
605 4727 631 4777 in
649 4743 727 4793 marg.
748 4729 783 4779 A.
801 4727 849 4779 aod
935 4723 1089 4790 ‘Mulsum
1108 4725 1254 4790 Alwynum.
1288 4724 1318 4773 Β.

298 4871 301 4878 ¹
350 4807 781 4874 referredtoitsplscebysearet
933 4803 1095 4870 'ot-stetisset]
1114 4803 1215 4855 obstitit.
1249 4801 1315 4852 Bu).
