<?xml version="1.0" encoding="UTF-8"?>
<!DOCTYPE html PUBLIC "-//W3C//DTD XHTML 1.0 Transitional//EN"
    "http://www.w3.org/TR/xhtml1/DTD/xhtml1-transitional.dtd">
<html xmlns="http://www.w3.org/1999/xhtml" xml:lang="en" lang="en">
 <head>
  <title>
</title>
<meta http-equiv="Content-Type" content="text/html;charset=utf-8" />
  <meta name='ocr-system' content='tesseract 3.04.00' />
  <meta name='ocr-capabilities' content='ocr_page ocr_carea ocr_par ocr_line ocrx_word'/>
</head>
<body>
  <div class='ocr_page' id='page_1' title='image "./eulogiumhistori00haydgoog_0188.png"; bbox 0 0 3674 5800; ppageno 0'>
   <div class='ocr_carea' id='block_1_1' title="bbox 0 250 4 1313">
    <p class='ocr_par' dir='ltr' id='par_1_1' title="bbox 0 250 4 1313">
     <span class='ocr_line' id='line_1_1' title="bbox 0 250 4 1313; baseline 0 0"><span class='ocrx_word' id='word_1_1' title='bbox 0 250 4 1313; x_wconf 95' lang='lat' dir='ltr'><strong> </strong></span> 
     </span>
    </p>
   </div>
   <div class='ocr_carea' id='block_1_2' title="bbox 1833 117 1839 796">
    <p class='ocr_par' dir='ltr' id='par_1_2' title="bbox 1833 117 1839 796">
     <span class='ocr_line' id='line_1_2' title="bbox 1833 117 1839 796; baseline 0 0"><span class='ocrx_word' id='word_1_2' title='bbox 1833 117 1839 796; x_wconf 95' lang='lat' dir='ltr'><strong> </strong></span> 
     </span>
    </p>
   </div>
   <div class='ocr_carea' id='block_1_3' title="bbox 1833 117 1839 796">
    <p class='ocr_par' dir='ltr' id='par_1_3' title="bbox 1833 117 1839 796">
     <span class='ocr_line' id='line_1_3' title="bbox 1833 117 1839 796; baseline 0 0"><span class='ocrx_word' id='word_1_3' title='bbox 1833 117 1839 796; x_wconf 95' lang='lat' dir='ltr'><strong> </strong></span> 
     </span>
    </p>
   </div>
   <div class='ocr_carea' id='block_1_4' title="bbox 491 895 1243 958">
    <p class='ocr_par' dir='ltr' id='par_1_4' title="bbox 491 895 1243 958">
     <span class='ocr_line' id='line_1_4' title="bbox 491 895 1243 958; baseline -0.001 -1"><span class='ocrx_word' id='word_1_4' title='bbox 491 895 556 958; x_wconf 87' lang='lat'><strong>100</strong></span> <span class='ocrx_word' id='word_1_5' title='bbox 791 907 973 958; x_wconf 75' lang='lat' dir='ltr'><strong>numerum</strong></span> <span class='ocrx_word' id='word_1_6' title='bbox 996 907 1243 958; x_wconf 76' lang='lat' dir='ltr'><strong>msrosraamc.</strong></span> 
     </span>
    </p>
   </div>
   <div class='ocr_carea' id='block_1_5' title="bbox 875 1182 1158 1250">
    <p class='ocr_par' dir='ltr' id='par_1_5' title="bbox 875 1182 1158 1250">
     <span class='ocr_line' id='line_1_5' title="bbox 875 1182 1158 1250; baseline -0.004 -1"><span class='ocrx_word' id='word_1_7' title='bbox 875 1182 955 1249; x_wconf 75' lang='lat' dir='ltr'>CAP.</span> <span class='ocrx_word' id='word_1_8' title='bbox 981 1183 1158 1250; x_wconf 81' lang='lat' dir='ltr'>CXXXII.</span> 
     </span>
    </p>
   </div>
   <div class='ocr_carea' id='block_1_6' title="bbox 891 1343 1129 1411">
    <p class='ocr_par' dir='ltr' id='par_1_6' title="bbox 891 1343 1129 1411">
     <span class='ocr_line' id='line_1_6' title="bbox 891 1343 1129 1411; baseline -0.013 0"><span class='ocrx_word' id='word_1_9' title='bbox 891 1344 942 1411; x_wconf 86' lang='lat' dir='ltr'><strong>De</strong></span> <span class='ocrx_word' id='word_1_10' title='bbox 965 1343 1129 1411; x_wconf 76' lang='lat' dir='ltr'><strong>Francia.</strong></span> 
     </span>
    </p>
   </div>
   <div class='ocr_carea' id='block_1_7' title="bbox 322 1496 1541 2304">
    <p class='ocr_par' dir='ltr' id='par_1_7' title="bbox 322 1496 1541 2304">
     <span class='ocr_line' id='line_1_7' title="bbox 322 1496 1541 1584; baseline 0.002 -23"><span class='ocrx_word' id='word_1_11' title='bbox 322 1507 477 1561; x_wconf 67' lang='lat' dir='ltr'><strong>omnnem</strong></span> <span class='ocrx_word' id='word_1_12' title='bbox 534 1496 702 1576; x_wconf 69' lang='lat' dir='ltr'><strong>Famem,</strong></span> <span class='ocrx_word' id='word_1_13' title='bbox 749 1519 824 1584; x_wconf 78' lang='lat' dir='ltr'><strong>qum</strong></span> <span class='ocrx_word' id='word_1_14' title='bbox 862 1502 897 1564; x_wconf 88' lang='lat' dir='ltr'><strong>st</strong></span> <span class='ocrx_word' id='word_1_15' title='bbox 936 1497 1054 1576; x_wconf 82' lang='lat' dir='ltr'><strong>Gallia,</strong></span> <span class='ocrx_word' id='word_1_16' title='bbox 1094 1519 1115 1563; x_wconf 88' lang='lat' dir='ltr'><strong>a</strong></span> <span class='ocrx_word' id='word_1_17' title='bbox 1161 1496 1298 1564; x_wconf 81' lang='lat' dir='ltr'><strong>Francis</strong></span> <span class='ocrx_word' id='word_1_18' title='bbox 1336 1497 1541 1564; x_wconf 87' lang='lat' dir='ltr'><strong>Germanicis</strong></span> 
     </span>
     <span class='ocr_line' id='line_1_8' title="bbox 489 1599 1541 1686; baseline 0.002 -22"><span class='ocrx_word' id='word_1_19' title='bbox 489 1599 645 1686; x_wconf 88' lang='lat' dir='ltr'><strong>primitus</strong></span> <span class='ocrx_word' id='word_1_20' title='bbox 674 1601 854 1677; x_wconf 79' lang='lat' dir='ltr'><strong>nominata,</strong></span> <span class='ocrx_word' id='word_1_21' title='bbox 878 1600 922 1666; x_wconf 88' lang='lat' dir='ltr'><strong>ab</strong></span> <span class='ocrx_word' id='word_1_22' title='bbox 950 1599 1088 1666; x_wconf 87' lang='lat' dir='ltr'><strong>Oriente</strong></span> <span class='ocrx_word' id='word_1_23' title='bbox 1122 1599 1225 1666; x_wconf 88' lang='lat' dir='ltr'><strong>babet</strong></span> <span class='ocrx_word' id='word_1_24' title='bbox 1259 1601 1399 1667; x_wconf 89' lang='lat' dir='ltr'><strong>fluvium</strong></span> <span class='ocrx_word' id='word_1_25' title='bbox 1431 1599 1541 1666; x_wconf 84' lang='lat' dir='ltr'><strong>Rheni</strong></span> 
     </span>
     <span class='ocr_line' id='line_1_9' title="bbox 489 1701 1541 1790; baseline 0 -22"><span class='ocrx_word' id='word_1_26' title='bbox 489 1707 525 1768; x_wconf 89' lang='lat' dir='ltr'><strong>et</strong></span> <span class='ocrx_word' id='word_1_27' title='bbox 549 1703 769 1784; x_wconf 73' lang='lat' dir='ltr'><strong>Germaniam,</strong></span> <span class='ocrx_word' id='word_1_28' title='bbox 793 1703 836 1768; x_wconf 88' lang='lat' dir='ltr'><strong>ab</strong></span> <span class='ocrx_word' id='word_1_29' title='bbox 860 1701 951 1768; x_wconf 87' lang='lat' dir='ltr'>Euro</span> <span class='ocrx_word' id='word_1_30' title='bbox 984 1703 1094 1789; x_wconf 83' lang='lat' dir='ltr'>Alpes,</span> <span class='ocrx_word' id='word_1_31' title='bbox 1120 1725 1142 1768; x_wconf 89' lang='lat' dir='ltr'><strong>a</strong></span> <span class='ocrx_word' id='word_1_32' title='bbox 1166 1703 1305 1768; x_wconf 82' lang='lat' dir='ltr'>Meridie</span> <span class='ocrx_word' id='word_1_33' title='bbox 1335 1703 1541 1790; x_wconf 84' lang='lat' dir='ltr'><strong>provinciam</strong></span> 
     </span>
     <span class='ocr_line' id='line_1_10' title="bbox 490 1804 1540 1892; baseline 0.003 -23"><span class='ocrx_word' id='word_1_34' title='bbox 490 1805 746 1888; x_wconf 81' lang='lat' dir='ltr'><strong>Narbonensem,</strong></span> <span class='ocrx_word' id='word_1_35' title='bbox 769 1805 813 1871; x_wconf 89' lang='lat' dir='ltr'><strong>ab</strong></span> <span class='ocrx_word' id='word_1_36' title='bbox 828 1804 953 1872; x_wconf 84' lang='lat' dir='ltr'><strong>Occasu</strong></span> <span class='ocrx_word' id='word_1_37' title='bbox 975 1805 1184 1892; x_wconf 82' lang='lat' dir='ltr'><strong>Lugdunum,</strong></span> <span class='ocrx_word' id='word_1_38' title='bbox 1202 1828 1223 1871; x_wconf 87' lang='lat' dir='ltr'><strong>a</strong></span> <span class='ocrx_word' id='word_1_39' title='bbox 1241 1804 1349 1872; x_wconf 85' lang='lat' dir='ltr'><strong>Oircio</strong></span> <span class='ocrx_word' id='word_1_40' title='bbox 1373 1804 1540 1872; x_wconf 82' lang='lat' dir='ltr'><strong>Oceanum</strong></span> 
     </span>
     <span class='ocr_line' id='line_1_11' title="bbox 490 1906 1541 1988; baseline 0.001 -15"><span class='ocrx_word' id='word_1_41' title='bbox 490 1909 728 1974; x_wconf 89' lang='lat' dir='ltr'><strong>Britannicum.</strong></span> <span class='ocrx_word' id='word_1_42' title='bbox 789 1908 880 1988; x_wconf 73' lang='lat' dir='ltr'><strong>Haeo,</strong></span> <span class='ocrx_word' id='word_1_43' title='bbox 919 1931 994 1976; x_wconf 87' lang='lat' dir='ltr'><strong>eum</strong></span> <span class='ocrx_word' id='word_1_44' title='bbox 1031 1908 1153 1974; x_wconf 87' lang='lat' dir='ltr'><strong>multas</strong></span> <span class='ocrx_word' id='word_1_45' title='bbox 1198 1906 1339 1976; x_wconf 89' lang='lat' dir='ltr'><strong>habeat¹</strong></span> <span class='ocrx_word' id='word_1_46' title='bbox 1387 1907 1541 1974; x_wconf 88' lang='lat' dir='ltr'><strong>civitates</strong></span> 
     </span>
     <span class='ocr_line' id='line_1_12' title="bbox 489 2009 1541 2098; baseline 0 -22"><span class='ocrx_word' id='word_1_47' title='bbox 489 2010 733 2091; x_wconf 65' lang='lat' dir='ltr'><strong>mmosissimas,</strong></span> <span class='ocrx_word' id='word_1_48' title='bbox 763 2009 934 2076; x_wconf 77' lang='lat' dir='ltr'><strong>Parisius⁸</strong></span> <span class='ocrx_word' id='word_1_49' title='bbox 966 2012 1055 2078; x_wconf 87' lang='lat' dir='ltr'><strong>inter</strong></span> <span class='ocrx_word' id='word_1_50' title='bbox 1084 2033 1196 2078; x_wconf 85' lang='lat' dir='ltr'><strong>omnes</strong></span> <span class='ocrx_word' id='word_1_51' title='bbox 1222 2010 1352 2077; x_wconf 84' lang='lat' dir='ltr'><strong>obtinet</strong></span> <span class='ocrx_word' id='word_1_52' title='bbox 1378 2010 1541 2098; x_wconf 83' lang='lat' dir='ltr'><strong>principa-</strong></span> 
     </span>
     <span class='ocr_line' id='line_1_13' title="bbox 490 2112 1540 2202; baseline 0 -22"><span class='ocrx_word' id='word_1_53' title='bbox 490 2121 571 2180; x_wconf 88' lang='lat' dir='ltr'><strong>tum.</strong></span> <span class='ocrx_word' id='word_1_54' title='bbox 626 2113 678 2180; x_wconf 92' lang='lat' dir='ltr'><strong>De</strong></span> <span class='ocrx_word' id='word_1_55' title='bbox 707 2113 992 2180; x_wconf 73' lang='lat' dir='ltr'><strong>commendatione</strong></span> <span class='ocrx_word' id='word_1_56' title='bbox 1025 2113 1121 2180; x_wconf 89' lang='lat' dir='ltr'><strong>istius</strong></span> <span class='ocrx_word' id='word_1_57' title='bbox 1143 2113 1322 2202; x_wconf 80' lang='lat' dir='ltr'><strong>provincias</strong></span> <span class='ocrx_word' id='word_1_58' title='bbox 1344 2112 1440 2202; x_wconf 87' lang='lat' dir='ltr'><strong>plura</strong></span> <span class='ocrx_word' id='word_1_59' title='bbox 1462 2117 1540 2180; x_wconf 82' lang='lat' dir='ltr'><strong>sunt</strong></span> 
     </span>
     <span class='ocr_line' id='line_1_14' title="bbox 491 2215 903 2304; baseline 0 -21"><span class='ocrx_word' id='word_1_60' title='bbox 491 2217 527 2283; x_wconf 88' lang='lat' dir='ltr'><strong>in</strong></span> <span class='ocrx_word' id='word_1_61' title='bbox 557 2220 724 2304; x_wconf 87' lang='lat' dir='ltr'><strong>posterum</strong></span> <span class='ocrx_word' id='word_1_62' title='bbox 755 2215 903 2283; x_wconf 82' lang='lat' dir='ltr'><strong>dicenda</strong></span> 
     </span>
    </p>
   </div>
   <div class='ocr_carea' id='block_1_8' title="bbox 864 2499 1166 2728">
    <p class='ocr_par' dir='ltr' id='par_1_8' title="bbox 864 2499 1166 2728">
     <span class='ocr_line' id='line_1_15' title="bbox 864 2499 1166 2568; baseline 0.003 -1"><span class='ocrx_word' id='word_1_63' title='bbox 864 2499 946 2568; x_wconf 71' lang='lat' dir='ltr'><strong>Cir.</strong></span> <span class='ocrx_word' id='word_1_64' title='bbox 970 2499 1166 2568; x_wconf 82' lang='lat' dir='ltr'>CXXXIII.</span> 
     </span>
     <span class='ocr_line' id='line_1_16' title="bbox 883 2661 1147 2728; baseline 0 0"><span class='ocrx_word' id='word_1_65' title='bbox 883 2661 933 2728; x_wconf 86' lang='lat' dir='ltr'><strong>Dc</strong></span> <span class='ocrx_word' id='word_1_66' title='bbox 962 2661 1147 2728; x_wconf 61' lang='lat' dir='ltr'><strong>medua.</strong></span> 
     </span>
    </p>
   </div>
   <div class='ocr_carea' id='block_1_9' title="bbox 338 2827 1539 4458">
    <p class='ocr_par' dir='ltr' id='par_1_9' title="bbox 534 2827 1539 2918">
     <span class='ocr_line' id='line_1_17' title="bbox 534 2827 1539 2918; baseline 0 -22"><span class='ocrx_word' id='word_1_67' title='bbox 534 2831 719 2896; x_wconf 76' lang='lat' dir='ltr'><strong>Fmrnmr</strong></span> <span class='ocrx_word' id='word_1_68' title='bbox 757 2827 928 2918; x_wconf 86' lang='lat' dir='ltr'><strong>provincia</strong></span> <span class='ocrx_word' id='word_1_69' title='bbox 964 2835 1016 2894; x_wconf 87' lang='lat' dir='ltr'><strong>est</strong></span> <span class='ocrx_word' id='word_1_70' title='bbox 1054 2827 1170 2894; x_wconf 82' lang='lat' dir='ltr'><strong>Gallim</strong></span> <span class='ocrx_word' id='word_1_71' title='bbox 1213 2827 1367 2916; x_wconf 83' lang='lat' dir='ltr'><strong>Belgicae,</strong></span> <span class='ocrx_word' id='word_1_72' title='bbox 1413 2827 1539 2896; x_wconf 89' lang='lat' dir='ltr'><strong>habens</strong></span> 
     </span>
    </p>

    <p class='ocr_par' dir='ltr' id='par_1_10' title="bbox 338 2913 1538 3430">
     <span class='ocr_line' id='line_1_18' title="bbox 338 2913 1537 3018; baseline -0.003 -18"><span class='ocrx_word' id='word_1_73' title='bbox 338 2913 381 2950; x_wconf 67' lang='lat'><strong>&#39;¹⁸&#39;</strong></span> <span class='ocrx_word' id='word_1_74' title='bbox 489 2933 701 3002; x_wconf 81' lang='lat' dir='ltr'><strong>Germaniam</strong></span> <span class='ocrx_word' id='word_1_75' title='bbox 739 2933 781 2997; x_wconf 90' lang='lat' dir='ltr'><strong>ab</strong></span> <span class='ocrx_word' id='word_1_76' title='bbox 814 2931 960 3013; x_wconf 75' lang='lat' dir='ltr'><strong>Oriente,</strong></span> <span class='ocrx_word' id='word_1_77' title='bbox 993 2931 1205 2998; x_wconf 72' lang='lat' dir='ltr'><strong>Britanniam</strong></span> <span class='ocrx_word' id='word_1_78' title='bbox 1239 2953 1260 2996; x_wconf 89' lang='lat' dir='ltr'><strong>a</strong></span> <span class='ocrx_word' id='word_1_79' title='bbox 1293 2931 1537 3018; x_wconf 74' lang='lat' dir='ltr'><strong>septentrione.</strong></span> 
     </span>
     <span class='ocr_line' id='line_1_19' title="bbox 489 3031 1538 3124; baseline 0 -22"><span class='ocrx_word' id='word_1_80' title='bbox 489 3037 573 3104; x_wconf 84' lang='lat' dir='ltr'><strong>Haec</strong></span> <span class='ocrx_word' id='word_1_81' title='bbox 595 3035 774 3124; x_wconf 88' lang='lat' dir='ltr'><strong>provincia,</strong></span> <span class='ocrx_word' id='word_1_82' title='bbox 798 3034 950 3122; x_wconf 86' lang='lat' dir='ltr'><strong>quamvis</strong></span> <span class='ocrx_word' id='word_1_83' title='bbox 974 3035 1043 3100; x_wconf 89' lang='lat' dir='ltr'><strong>situ</strong></span> <span class='ocrx_word' id='word_1_84' title='bbox 1065 3035 1111 3100; x_wconf 89' lang='lat' dir='ltr'><strong>sit</strong></span> <span class='ocrx_word' id='word_1_85' title='bbox 1132 3033 1280 3120; x_wconf 84' lang='lat' dir='ltr'><strong>parvula,</strong></span> <span class='ocrx_word' id='word_1_86' title='bbox 1304 3031 1401 3100; x_wconf 90' lang='lat' dir='ltr'><strong>bonis</strong></span> <span class='ocrx_word' id='word_1_87' title='bbox 1427 3035 1538 3122; x_wconf 90' lang='lat' dir='ltr'><strong>singu-</strong></span> 
     </span>
     <span class='ocr_line' id='line_1_20' title="bbox 485 3136 1538 3224; baseline -0.001 -20"><span class='ocrx_word' id='word_1_88' title='bbox 485 3139 611 3206; x_wconf 82' lang='lat' dir='ltr'><strong>laribus</strong></span> <span class='ocrx_word' id='word_1_89' title='bbox 655 3143 706 3205; x_wconf 89' lang='lat' dir='ltr'><strong>est</strong></span> <span class='ocrx_word' id='word_1_90' title='bbox 750 3137 879 3204; x_wconf 86' lang='lat' dir='ltr'><strong>referta</strong></span> <span class='ocrx_word' id='word_1_91' title='bbox 941 3136 1030 3202; x_wconf 83' lang='lat' dir='ltr'><strong>Gens</strong></span> <span class='ocrx_word' id='word_1_92' title='bbox 1075 3137 1208 3224; x_wconf 84' lang='lat' dir='ltr'><strong>elegans</strong></span> <span class='ocrx_word' id='word_1_93' title='bbox 1252 3137 1288 3201; x_wconf 92' lang='lat' dir='ltr'><strong>in</strong></span> <span class='ocrx_word' id='word_1_94' title='bbox 1332 3151 1466 3224; x_wconf 81' lang='lat' dir='ltr'><strong>corpore</strong></span> <span class='ocrx_word' id='word_1_95' title='bbox 1504 3144 1538 3203; x_wconf 89' lang='lat' dir='ltr'><strong>et</strong></span> 
     </span>
     <span class='ocr_line' id='line_1_21' title="bbox 485 3237 1536 3328; baseline -0.002 -22"><span class='ocrx_word' id='word_1_96' title='bbox 485 3242 629 3323; x_wconf 83' lang='lat' dir='ltr'><strong>robusta,</strong></span> <span class='ocrx_word' id='word_1_97' title='bbox 660 3239 838 3328; x_wconf 84' lang='lat' dir='ltr'><strong>multiplex</strong></span> <span class='ocrx_word' id='word_1_98' title='bbox 867 3240 904 3304; x_wconf 91' lang='lat' dir='ltr'><strong>in</strong></span> <span class='ocrx_word' id='word_1_99' title='bbox 931 3237 1050 3318; x_wconf 88' lang='lat' dir='ltr'><strong>sobole,</strong></span> <span class='ocrx_word' id='word_1_100' title='bbox 1074 3239 1111 3304; x_wconf 92' lang='lat' dir='ltr'><strong>in</strong></span> <span class='ocrx_word' id='word_1_101' title='bbox 1136 3238 1355 3304; x_wconf 84' lang='lat' dir='ltr'><strong>mercimoniis</strong></span> <span class='ocrx_word' id='word_1_102' title='bbox 1376 3239 1536 3327; x_wconf 79' lang='lat' dir='ltr'><strong>locuplex,</strong></span> 
     </span>
     <span class='ocr_line' id='line_1_22' title="bbox 484 3339 1537 3430; baseline 0.002 -22"><span class='ocrx_word' id='word_1_103' title='bbox 484 3344 567 3410; x_wconf 84' lang='lat' dir='ltr'><strong>faeie</strong></span> <span class='ocrx_word' id='word_1_104' title='bbox 596 3348 739 3410; x_wconf 89' lang='lat' dir='ltr'><strong>venusta</strong></span> <span class='ocrx_word' id='word_1_105' title='bbox 776 3347 811 3408; x_wconf 88' lang='lat' dir='ltr'><strong>et</strong></span> <span class='ocrx_word' id='word_1_106' title='bbox 847 3341 1047 3430; x_wconf 86' lang='lat' dir='ltr'><strong>generaliter</strong></span> <span class='ocrx_word' id='word_1_107' title='bbox 1084 3341 1209 3422; x_wconf 78' lang='lat' dir='ltr'><strong>deeora,</strong></span> <span class='ocrx_word' id='word_1_108' title='bbox 1248 3339 1371 3407; x_wconf 87' lang='lat' dir='ltr'><strong>affeetu</strong></span> <span class='ocrx_word' id='word_1_109' title='bbox 1408 3343 1464 3429; x_wconf 91' lang='lat' dir='ltr'><strong>pia</strong></span> <span class='ocrx_word' id='word_1_110' title='bbox 1502 3351 1537 3410; x_wconf 87' lang='lat' dir='ltr'><strong>et</strong></span> 
     </span>
    </p>

    <p class='ocr_par' dir='ltr' id='par_1_11' title="bbox 425 3443 1536 4458">
     <span class='ocr_line' id='line_1_23' title="bbox 425 3443 1536 3534; baseline 0.003 -26"><span class='ocrx_word' id='word_1_111' title='bbox 425 3501 428 3508; x_wconf 79' lang='grc'>,</span> <span class='ocrx_word' id='word_1_112' title='bbox 484 3446 614 3527; x_wconf 85' lang='lat' dir='ltr'><strong>blande,</strong></span> <span class='ocrx_word' id='word_1_113' title='bbox 631 3451 728 3534; x_wconf 87' lang='lat' dir='ltr'><strong>gestu</strong></span> <span class='ocrx_word' id='word_1_114' title='bbox 749 3449 893 3522; x_wconf 88' lang='lat' dir='ltr'><strong>matura,</strong></span> <span class='ocrx_word' id='word_1_115' title='bbox 916 3443 1035 3510; x_wconf 90' lang='lat' dir='ltr'><strong>habitu</strong></span> <span class='ocrx_word' id='word_1_116' title='bbox 1057 3443 1203 3522; x_wconf 89' lang='lat' dir='ltr'><strong>honesta,</strong></span> <span class='ocrx_word' id='word_1_117' title='bbox 1227 3443 1263 3508; x_wconf 93' lang='lat' dir='ltr'><strong>in</strong></span> <span class='ocrx_word' id='word_1_118' title='bbox 1282 3464 1379 3532; x_wconf 88' lang='lat' dir='ltr'><strong>opere</strong></span> <span class='ocrx_word' id='word_1_119' title='bbox 1400 3444 1536 3512; x_wconf 87' lang='lat' dir='ltr'><strong>lanificii</strong></span> 
     </span>
     <span class='ocr_line' id='line_1_24' title="bbox 483 3546 1536 3637; baseline -0.003 -22"><span class='ocrx_word' id='word_1_120' title='bbox 483 3551 660 3637; x_wconf 73' lang='lat' dir='ltr'><strong>prmclara5</strong></span> <span class='ocrx_word' id='word_1_121' title='bbox 699 3571 757 3636; x_wconf 91' lang='lat' dir='ltr'><strong>per</strong></span> <span class='ocrx_word' id='word_1_122' title='bbox 793 3547 886 3633; x_wconf 89' lang='lat' dir='ltr'><strong>eujus</strong></span> <span class='ocrx_word' id='word_1_123' title='bbox 923 3546 1122 3612; x_wconf 83' lang='lat' dir='ltr'><strong>industriam</strong></span> <span class='ocrx_word' id='word_1_124' title='bbox 1159 3567 1281 3634; x_wconf 84' lang='lat' dir='ltr'><strong>magna</strong></span> <span class='ocrx_word' id='word_1_125' title='bbox 1325 3567 1401 3633; x_wconf 83' lang='lat' dir='ltr'><strong>pars</strong></span> <span class='ocrx_word' id='word_1_126' title='bbox 1446 3548 1536 3614; x_wconf 82' lang='lat' dir='ltr'><strong>illius</strong></span> 
     </span>
     <span class='ocr_line' id='line_1_25' title="bbox 483 3647 1536 3739; baseline -0.001 -21"><span class='ocrx_word' id='word_1_127' title='bbox 483 3653 599 3739; x_wconf 87' lang='lat' dir='ltr'><strong>patriae</strong></span> <span class='ocrx_word' id='word_1_128' title='bbox 622 3651 657 3716; x_wconf 90' lang='lat' dir='ltr'><strong>in</strong></span> <span class='ocrx_word' id='word_1_129' title='bbox 687 3651 838 3716; x_wconf 82' lang='lat' dir='ltr'><strong>lanificiis</strong></span> <span class='ocrx_word' id='word_1_130' title='bbox 869 3649 1074 3726; x_wconf 89' lang='lat' dir='ltr'><strong>subvenitur,</strong></span> <span class='ocrx_word' id='word_1_131' title='bbox 1121 3647 1210 3714; x_wconf 87' lang='lat' dir='ltr'><strong>Nam</strong></span> <span class='ocrx_word' id='word_1_132' title='bbox 1237 3649 1316 3714; x_wconf 87' lang='lat' dir='ltr'><strong>lana</strong></span> <span class='ocrx_word' id='word_1_133' title='bbox 1346 3650 1387 3716; x_wconf 90' lang='lat' dir='ltr'><strong>de</strong></span> <span class='ocrx_word' id='word_1_134' title='bbox 1411 3649 1536 3738; x_wconf 85' lang='lat' dir='ltr'><strong>Anglia</strong></span> 
     </span>
     <span class='ocr_line' id='line_1_26' title="bbox 482 3749 1535 3841; baseline 0.001 -23"><span class='ocrx_word' id='word_1_135' title='bbox 482 3754 526 3818; x_wconf 88' lang='lat' dir='ltr'><strong>ad</strong></span> <span class='ocrx_word' id='word_1_136' title='bbox 556 3753 630 3818; x_wconf 87' lang='lat' dir='ltr'><strong>illas</strong></span> <span class='ocrx_word' id='word_1_137' title='bbox 661 3757 772 3841; x_wconf 86' lang='lat' dir='ltr'><strong>partes</strong></span> <span class='ocrx_word' id='word_1_138' title='bbox 804 3753 1000 3817; x_wconf 84' lang='lat' dir='ltr'><strong>transmissa</strong></span> <span class='ocrx_word' id='word_1_139' title='bbox 1033 3749 1172 3817; x_wconf 87' lang='lat' dir='ltr'><strong>mirifice</strong></span> <span class='ocrx_word' id='word_1_140' title='bbox 1208 3756 1365 3838; x_wconf 85' lang='lat' dir='ltr'><strong>operatur</strong></span> <span class='ocrx_word' id='word_1_141' title='bbox 1397 3757 1432 3818; x_wconf 88' lang='lat' dir='ltr'><strong>et</strong></span> <span class='ocrx_word' id='word_1_142' title='bbox 1461 3754 1535 3819; x_wconf 89' lang='lat' dir='ltr'><strong>aliis</strong></span> 
     </span>
     <span class='ocr_line' id='line_1_27' title="bbox 482 3852 1535 3943; baseline 0.001 -23"><span class='ocrx_word' id='word_1_143' title='bbox 482 3855 671 3943; x_wconf 88' lang='lat' dir='ltr'><strong>regionibus</strong></span> <span class='ocrx_word' id='word_1_144' title='bbox 710 3853 958 3922; x_wconf 86' lang='lat' dir='ltr'><strong>transmittitur.</strong></span> <span class='ocrx_word' id='word_1_145' title='bbox 1005 3853 1068 3918; x_wconf 82' lang='lat' dir='ltr'><strong>Est</strong></span> <span class='ocrx_word' id='word_1_146' title='bbox 1103 3852 1193 3918; x_wconf 89' lang='lat' dir='ltr'><strong>enim</strong></span> <span class='ocrx_word' id='word_1_147' title='bbox 1231 3856 1320 3919; x_wconf 85' lang='lat' dir='ltr'><strong>terra</strong></span> <span class='ocrx_word' id='word_1_148' title='bbox 1356 3855 1465 3942; x_wconf 90' lang='lat' dir='ltr'><strong>plana,</strong></span> <span class='ocrx_word' id='word_1_149' title='bbox 1497 3856 1535 3922; x_wconf 91' lang='lat' dir='ltr'><strong>in</strong></span> 
     </span>
     <span class='ocr_line' id='line_1_28' title="bbox 482 3955 1534 4045; baseline 0.002 -23"><span class='ocrx_word' id='word_1_150' title='bbox 482 3959 598 4023; x_wconf 87' lang='lat' dir='ltr'><strong>multis</strong></span> <span class='ocrx_word' id='word_1_151' title='bbox 620 3957 700 4023; x_wconf 88' lang='lat' dir='ltr'><strong>loeis</strong></span> <span class='ocrx_word' id='word_1_152' title='bbox 722 3957 891 4045; x_wconf 86' lang='lat' dir='ltr'><strong>frugifera,</strong></span> <span class='ocrx_word' id='word_1_153' title='bbox 915 3955 1119 4044; x_wconf 86' lang='lat' dir='ltr'><strong>palustribus</strong></span> <span class='ocrx_word' id='word_1_154' title='bbox 1150 3955 1324 4043; x_wconf 83' lang='lat' dir='ltr'><strong>profunda,</strong></span> <span class='ocrx_word' id='word_1_155' title='bbox 1346 3957 1383 4022; x_wconf 91' lang='lat' dir='ltr'><strong>in</strong></span> <span class='ocrx_word' id='word_1_156' title='bbox 1414 3957 1534 4044; x_wconf 89' lang='lat' dir='ltr'><strong>quibus</strong></span> 
     </span>
     <span class='ocr_line' id='line_1_29' title="bbox 481 4057 1535 4146; baseline 0.002 -22"><span class='ocrx_word' id='word_1_157' title='bbox 481 4059 686 4125; x_wconf 87' lang='lat' dir='ltr'><strong>effodiuntur</strong></span> <span class='ocrx_word' id='word_1_158' title='bbox 707 4060 813 4146; x_wconf 75' lang='lat' dir='ltr'><strong>glebas</strong></span> <span class='ocrx_word' id='word_1_159' title='bbox 844 4081 919 4146; x_wconf 82' lang='lat' dir='ltr'><strong>quae</strong></span> <span class='ocrx_word' id='word_1_160' title='bbox 950 4058 994 4124; x_wconf 90' lang='lat' dir='ltr'><strong>ad</strong></span> <span class='ocrx_word' id='word_1_161' title='bbox 1023 4057 1282 4124; x_wconf 86' lang='lat' dir='ltr'><strong>comburendum</strong></span> <span class='ocrx_word' id='word_1_162' title='bbox 1315 4065 1395 4125; x_wconf 87' lang='lat' dir='ltr'><strong>sunt</strong></span> <span class='ocrx_word' id='word_1_163' title='bbox 1424 4081 1535 4127; x_wconf 89' lang='lat' dir='ltr'><strong>neees-</strong></span> 
     </span>
     <span class='ocr_line' id='line_1_30' title="bbox 481 4159 1532 4248; baseline 0.002 -21"><span class='ocrx_word' id='word_1_164' title='bbox 481 4160 599 4228; x_wconf 78' lang='lat' dir='ltr'><strong>sariae.³</strong></span> <span class='ocrx_word' id='word_1_165' title='bbox 655 4161 745 4227; x_wconf 88' lang='lat' dir='ltr'><strong>Nam</strong></span> <span class='ocrx_word' id='word_1_166' title='bbox 767 4183 809 4226; x_wconf 87' lang='lat' dir='ltr'><strong>ex</strong></span> <span class='ocrx_word' id='word_1_167' title='bbox 831 4161 883 4226; x_wconf 91' lang='lat' dir='ltr'><strong>his</strong></span> <span class='ocrx_word' id='word_1_168' title='bbox 905 4159 1002 4226; x_wconf 85' lang='lat' dir='ltr'><strong>fortis</strong></span> <span class='ocrx_word' id='word_1_169' title='bbox 1024 4159 1111 4248; x_wconf 89' lang='lat' dir='ltr'><strong>ignis</strong></span> <span class='ocrx_word' id='word_1_170' title='bbox 1133 4165 1168 4226; x_wconf 87' lang='lat' dir='ltr'><strong>et</strong></span> <span class='ocrx_word' id='word_1_171' title='bbox 1198 4161 1323 4227; x_wconf 83' lang='lat' dir='ltr'><strong>calidus</strong></span> <span class='ocrx_word' id='word_1_172' title='bbox 1345 4162 1417 4228; x_wconf 89' lang='lat' dir='ltr'><strong>fieri</strong></span> <span class='ocrx_word' id='word_1_173' title='bbox 1438 4163 1532 4245; x_wconf 91' lang='lat' dir='ltr'><strong>solet,</strong></span> 
     </span>
     <span class='ocr_line' id='line_1_31' title="bbox 482 4261 1532 4350; baseline 0.003 -22"><span class='ocrx_word' id='word_1_174' title='bbox 482 4265 587 4350; x_wconf 88' lang='lat' dir='ltr'><strong>magis</strong></span> <span class='ocrx_word' id='word_1_175' title='bbox 610 4263 725 4330; x_wconf 84' lang='lat' dir='ltr'><strong>efficax</strong></span> <span class='ocrx_word' id='word_1_176' title='bbox 748 4285 848 4350; x_wconf 90' lang='lat' dir='ltr'><strong>quam</strong></span> <span class='ocrx_word' id='word_1_177' title='bbox 870 4273 919 4328; x_wconf 85' lang='lat' dir='ltr'><strong>ex&#39;</strong></span> <span class='ocrx_word' id='word_1_178' title='bbox 936 4261 1060 4350; x_wconf 91' lang='lat' dir='ltr'><strong>lignis;</strong></span> <span class='ocrx_word' id='word_1_179' title='bbox 1094 4261 1152 4329; x_wconf 89' lang='lat' dir='ltr'><strong>sed</strong></span> <span class='ocrx_word' id='word_1_180' title='bbox 1185 4263 1339 4329; x_wconf 89' lang='lat' dir='ltr'><strong>inutilior</strong></span> <span class='ocrx_word' id='word_1_181' title='bbox 1371 4271 1405 4331; x_wconf 91' lang='lat' dir='ltr'><strong>et</strong></span> <span class='ocrx_word' id='word_1_182' title='bbox 1428 4266 1532 4330; x_wconf 81' lang='lat' dir='ltr'><strong>vilior</strong></span> 
     </span>
     <span class='ocr_line' id='line_1_32' title="bbox 481 4367 1521 4458; baseline 0.005 -24"><span class='ocrx_word' id='word_1_183' title='bbox 481 4367 614 4457; x_wconf 84' lang='lat' dir='ltr'><strong>quoad⁴</strong></span> <span class='ocrx_word' id='word_1_184' title='bbox 636 4369 783 4452; x_wconf 73' lang='lat' dir='ltr'><strong>eineres,⁶</strong></span> <span class='ocrx_word' id='word_1_185' title='bbox 805 4374 841 4435; x_wconf 88' lang='lat' dir='ltr'><strong>et</strong></span> <span class='ocrx_word' id='word_1_186' title='bbox 862 4369 998 4458; x_wconf 86' lang='lat' dir='ltr'><strong>gravior</strong></span> <span class='ocrx_word' id='word_1_187' title='bbox 1019 4369 1061 4434; x_wconf 87' lang='lat' dir='ltr'><strong>ad</strong></span> <span class='ocrx_word' id='word_1_188' title='bbox 1084 4369 1300 4435; x_wconf 89' lang='lat' dir='ltr'><strong>redolentiam</strong></span> <span class='ocrx_word' id='word_1_189' title='bbox 1324 4375 1358 4438; x_wconf 88' lang='lat' dir='ltr'><strong>et</strong></span> <span class='ocrx_word' id='word_1_190' title='bbox 1380 4371 1521 4439; x_wconf 88' lang='lat' dir='ltr'><strong>odorem.</strong></span> 
     </span>
    </p>
   </div>
   <div class='ocr_carea' id='block_1_10' title="bbox 513 4654 1532 4802">
    <p class='ocr_par' dir='ltr' id='par_1_12' title="bbox 513 4654 1532 4802">
     <span class='ocr_line' id='line_1_33' title="bbox 515 4654 1532 4736; baseline 0.018 -30"><span class='ocrx_word' id='word_1_191' title='bbox 515 4654 635 4722; x_wconf 62' lang='lat' dir='ltr'><strong>&#39;hodeofl</strong></span> <span class='ocrx_word' id='word_1_192' title='bbox 654 4655 737 4706; x_wconf 73' lang='lat' dir='ltr'><strong>habet.</strong></span> <span class='ocrx_word' id='word_1_193' title='bbox 771 4655 802 4707; x_wconf 85' lang='grc' dir='ltr'><strong>Β.</strong></span> <span class='ocrx_word' id='word_1_194' title='bbox 1065 4667 1176 4734; x_wconf 75' lang='lat' dir='ltr'><strong>‘qaood]</strong></span> <span class='ocrx_word' id='word_1_195' title='bbox 1196 4671 1262 4734; x_wconf 85' lang='lat' dir='ltr'><strong>quod</strong></span> <span class='ocrx_word' id='word_1_196' title='bbox 1285 4671 1324 4721; x_wconf 82' lang='lat' dir='ltr'><strong>ad.</strong></span> <span class='ocrx_word' id='word_1_197' title='bbox 1352 4671 1384 4722; x_wconf 89' lang='lat' dir='ltr'><strong>B.</strong></span> <span class='ocrx_word' id='word_1_198' title='bbox 1418 4688 1468 4736; x_wconf 86' lang='lat' dir='ltr'><strong>qno</strong></span> <span class='ocrx_word' id='word_1_199' title='bbox 1491 4675 1532 4724; x_wconf 82' lang='lat' dir='ltr'><strong>ad.</strong></span> 
     </span>
     <span class='ocr_line' id='line_1_34' title="bbox 513 4734 1064 4802; baseline 0.011 -19"><span class='ocrx_word' id='word_1_200' title='bbox 513 4734 664 4802; x_wconf 71' lang='lat' dir='ltr'><strong>rParercs]</strong></span> <span class='ocrx_word' id='word_1_201' title='bbox 684 4735 802 4787; x_wconf 77' lang='lat' dir='ltr'><strong>Perisius.</strong></span> <span class='ocrx_word' id='word_1_202' title='bbox 836 4736 901 4789; x_wconf 76' lang='lat' dir='ltr'><strong>m).</strong></span> <span class='ocrx_word' id='word_1_203' title='bbox 1030 4745 1064 4798; x_wconf 81' lang='lat'><strong>1),</strong></span> 
     </span>
    </p>
   </div>
   <div class='ocr_carea' id='block_1_11' title="bbox 513 4813 1346 4896">
    <p class='ocr_par' dir='ltr' id='par_1_13' title="bbox 513 4813 1346 4896">
     <span class='ocr_line' id='line_1_35' title="bbox 513 4813 1346 4896; baseline 0.018 -31"><span class='ocrx_word' id='word_1_204' title='bbox 513 4813 689 4882; x_wconf 55' lang='lat' dir='ltr'><strong>memma]</strong></span> <span class='ocrx_word' id='word_1_205' title='bbox 700 4817 847 4869; x_wconf 74' lang='lat' dir='ltr'><strong>necessaria</strong></span> <span class='ocrx_word' id='word_1_206' title='bbox 880 4817 912 4869; x_wconf 92' lang='lat' dir='ltr'><strong>B.</strong></span> <span class='ocrx_word' id='word_1_207' title='bbox 1063 4825 1188 4896; x_wconf 60' lang='grc' dir='ltr'><strong>ὀίω]</strong></span> <span class='ocrx_word' id='word_1_208' title='bbox 1206 4826 1281 4880; x_wconf 72' lang='lat' dir='ltr'><strong>cinea.</strong></span> <span class='ocrx_word' id='word_1_209' title='bbox 1315 4827 1346 4880; x_wconf 89' lang='lat' dir='ltr'><strong>B.</strong></span> 
     </span>
    </p>
   </div>
   <div class='ocr_carea' id='block_1_12' title="bbox 0 0 1842 5800">
    <p class='ocr_par' dir='ltr' id='par_1_14' title="bbox 0 0 1842 5800">
     <span class='ocr_line' id='line_1_36' title="bbox 0 0 1842 5800; baseline 0 0"><span class='ocrx_word' id='word_1_210' title='bbox 0 0 1842 5800; x_wconf 95' lang='lat' dir='ltr'><strong> </strong></span> 
     </span>
    </p>
   </div>
  </div>
 </body>
</html>
