3590 5844
605 913 789 966 summunt
812 911 1063 964 msromsnur.
1290 901 1352 964 331

301 1109 414 1154 eorum
444 1087 623 1154 dictaverit
646 1088 783 1174 justitia
811 1089 1008 1174 adquiescas.
1069 1086 1129 1152 Sin
1159 1089 1272 1152 autem
1294 1106 1355 1171 ego
1368 1089 1424 1140 The
1433 1089 1494 1140 His·

300 1191 370 1277 ipse
402 1195 514 1278 partes
545 1196 622 1258 tuus
647 1192 748 1259 adibo
781 1197 818 1258 et
849 1190 1005 1278 quiequid
1035 1188 1170 1256 vesania
1200 1193 1259 1254 tua
1292 1157 1467 1288 rei-ffid

302 1294 444 1381 publicae
477 1295 602 1382 eripuit
633 1295 740 1362 eidem
771 1295 995 1362 mediantibus
1027 1291 1147 1381 gladiis
1182 1291 1355 1358 restituere
1367 1290 1475 1342 Arnur.

301 1397 430 1462 viribus
452 1397 534 1463 meis
557 1397 710 1464 conabor.

346 1500 470 1568 Literae
491 1521 571 1566 vero
593 1501 669 1567 istae
690 1523 767 1566 cum
797 1501 833 1566 in
863 1499 1043 1587 praesentia
1074 1520 1191 1586 regum
1213 1502 1248 1564 et
1278 1517 1354 1563 eon-

302 1603 411 1668 sulum
440 1604 589 1670 recitatae
619 1602 776 1670 fuerunt¹
801 1603 936 1672 secessit
957 1601 1125 1670 Arthurus
1153 1624 1228 1668 cum
1251 1601 1355 1667 eisin

301 1706 503 1792 gigmtaeam
524 1707 645 1772 turrim
667 1729 744 1794 quae
772 1706 810 1772 in
838 1707 980 1772 introitu
1003 1711 1075 1772 erat
1097 1705 1254 1785 civitatis,
1271 1708 1356 1769 trae-

302 1813 436 1874 taturus
460 1831 537 1896 quse
576 1815 691 1876 contra
721 1809 807 1875 talia
842 1807 1003 1874 mandata
1040 1808 1172 1896 disponi
1194 1805 1358 1873 deberent.

302 1910 373 1976 At²
410 1912 490 1977 dum
527 1911 651 1998 gradus
687 1912 863 1980 escendere
892 1912 1100 1999 incepissent,
1140 1908 1249 1976 Cador
1286 1909 1357 1974 dux

304 2013 490 2096 cornubia,
513 2021 555 2083 ut
576 2019 648 2082 erat
670 2015 743 2083 laeti
766 2014 879 2096 animi,
901 2015 938 2080 in
960 2015 1049 2080 hune
1077 2034 1260 2080 sermonem
1281 2033 1357 2078 cum

302 2116 371 2182 risu
409 2139 519 2182 eoram
557 2140 633 2206 rege
671 2118 801 2186 solutus
839 2121 912 2184 est:
959 2116 1142 2202 Hucusque
1178 2115 1279 2180 timui
1315 2137 1357 2180 ne

304 2218 455 2286 Britones
484 2219 585 2308 longa
612 2243 692 2309 paee
729 2222 859 2307 quietes
891 2219 997 2286 otium
1028 2219 1118 2306 quod
1148 2218 1277 2284 ducunt
1309 2218 1358 2304 ig·

302 2342 407 2387 navos
452 2322 526 2388 ilios
572 2323 706 2406 faeeret,
731 2324 919 2410 famamque
963 2322 1098 2388 miiitiae
1125 2343 1194 2408 qua
1230 2321 1358 2387 eaeteris

303 2425 459 2510 gentibus
488 2423 665 2492 clariores³
698 2431 875 2492 densentur
907 2426 944 2490 in
977 2427 1024 2491 eis
1058 2425 1193 2490 omnino
1226 2423 1357 2489 deleret

304 2527 434 2615 Quippe
467 2527 526 2594 ubi
562 2551 643 2594 usus
681 2550 848 2594 armorum
884 2529 1018 2594 videtur
1054 2525 1176 2607 abesse,
1206 2526 1288 2592 aleae
1324 2529 1359 2590 et

304 2630 479 2696 mulierum
535 2629 837 2698 inflammationes⁴
887 2635 1073 2716 usuraque
1117 2629 1360 2694 oblectamenta

303 2732 423 2812 adesse,
448 2733 671 2799 dubitandum
696 2756 765 2800 non
787 2738 839 2800 est
868 2756 911 2799 ne
933 2733 969 2798 id
992 2732 1080 2818 quod
1111 2735 1183 2798 erat
1212 2731 1358 2812 virtutis,

304 2836 392 2922 quod
414 2836 558 2918 honoris,
584 2837 673 2924 quod
695 2836 852 2918 audaniae,
883 2835 974 2923 quod
996 2834 1094 2902 famae
1116 2835 1254 2922 ignavia
1274 2856 1360 2900 eom-

304 2940 457 3006 maonle‘e
503 2939 585 3006 Fere
606 2961 751 3026 namque
772 2939 931 3006 transacti
953 2943 1033 3004 sunt
1054 2956 1087 3004 v.
1110 2938 1191 3004 anni
1221 2959 1264 3004 ex
1293 2957 1360 3023 quo

304 3043 472 3128 praedietis
509 3041 634 3108 deliciis
671 3042 777 3107 dediti
814 3040 972 3108 exercitio
1009 3039 1130 3104 Martis
1174 3040 1358 3117 caruimus3

306 3144 399 3210 Deus
420 3145 525 3232 igitur
546 3142 611 3209 ne⁵
633 3165 694 3208 nos
724 3143 882 3209 liberaret
913 3138 1112 3229 segnitiam⁶
1134 3141 1302 3208 Romanos
1324 3143 1360 3206 in

305 3246 393 3311 hune
430 3245 586 3312 affectum
616 3245 773 3326 induxitf
803 3247 852 3312 its
874 3249 915 3310 ut
948 3245 984 3309 in
1017 3245 1196 3331 pristinum
1234 3250 1359 3311 statum

304 3353 453 3414 nostram
486 3348 687 3435 probitatem
721 3349 924 3415 reducerent
1004 3346 1089 3412 Haee
1116 3351 1152 3412 et
1177 3347 1229 3412 his
1259 3347 1361 3412 simil-

307 3449 412 3515 lima⁸
443 3451 501 3516 illo
533 3471 609 3517 cum
647 3451 778 3518 eaeterm.
806 3451 935 3517 dicente
965 3453 1130 3516 venerumt
1152 3449 1289 3516 tandem
1317 3450 1361 3515 ad

307 3553 423 3618 sedilia
452 3553 520 3634 ubi,
544 3554 710 3620 collocatis
732 3555 879 3642 singulis,
906 3552 1076 3620 Arthnms
1098 3551 1173 3618 iilos
1206 3553 1243 3618 in
1272 3552 1360 3619 hunc

307 3657 442 3722 modum
470 3657 594 3722 affatus
616 3662 667 3724 est
681 3681 736 3723 :-

354 3759 514 3838 Oonsoeii‚
531 3760 650 3846 inquit,
674 3759 904 3848 prosperitatis
926 3763 962 3825 et
983 3757 1196 3826 adversitatis
1219 3779 1359 3846 quorum

308 3862 491 3951 probitates
511 3862 672 3930 haetenus
694 3867 729 3930 et
746 3865 782 3929 in
798 3863 917 3929 dandis
934 3863 1078 3928 eonsiliis
1095 3869 1131 3929 et
1144 3864 1181 3928 in
1202 3863 1360 3949 judieiis⁰

308 3965 443 4053 agendis
466 3971 622 4054 expertus
645 3989 728 4046 sum,
760 3967 916 4033 adhibete
938 3987 1028 4033 nune
1057 3967 1261 4034 unanimiter
1285 3989 1359 4033 sen-

309 4092 365 4135 sus
396 4074 533 4147 vestros,
560 4074 595 4135 et
626 4070 792 4157 sapienter
824 4068 1006 4158 praevidete
1028 4069 1116 4157 'quae
1145 4064 1209 4136 sub
1236 4069 1360 4136 talibus

309 4171 477 4240 mandatis
499 4172 596 4238 nobis
618 4173 749 4260 agenda
768 4195 839 4240 esse
867 4171 1038 4241 noveritis.
1085 4171 1250 4262 Quidquid
1272 4173 1360 4240 enim

310 4363 630 4372 ...a-a-——n--n-——fi-
825 4363 1068 4370 ---..----....---
1096 4363 1125 4370 ..0-
1150 4364 1157 4368 -
1184 4364 1261 4370 --—-

344 4473 351 4506 ¹
353 4473 474 4540 suerunt]
494 4473 607 4524 tuissent.
641 4473 675 4524 D.
891 4471 954 4539 ἤιε]
974 4478 1009 4523 ιιι
1027 4471 1093 4524 B.D.

343 4555 439 4605 ²Nota
452 4555 478 4604 in
491 4569 569 4619 marg.
582 4553 651 4602 ΑΒ.
889 4565 1050 4631 ‘nequitiam
1070 4564 1185 4631 segnitia
1220 4561 1285 4630 RD.

345 4633 493 4723 'fidaei
514 4648 574 4724 θερε-
587 4633 644 4684 *dt
662 4630 728 4682 ED-
747 4629 817 4682 ΝΟΜ
895 4655 1025 4724 vaurme]
1045 4657 1159 4709 ausum.
1193 4657 1227 4710 1).

315 4712 517 4820 infimum:
534 4727 652 4802 'mim'
670 4710 703 4761 D·
743 4788 748 4800 ·
893 4759 1044 4829 mauzae]
1064 4761 1166 4814 similia.
1200 4761 1266 4812 sn.

370 4789 582 4858 mflamautwm]
601 4789 773 4842 inflammans.
785 4788 816 4840 B.

314 4869 348 4920 D.
894 4870 1028 4940 'judieiid
1046 4871 1152 4926 militiis.
1186 4871 1251 4924 B.D.
