<?xml version="1.0" encoding="UTF-8"?>
<!DOCTYPE html PUBLIC "-//W3C//DTD XHTML 1.0 Transitional//EN"
    "http://www.w3.org/TR/xhtml1/DTD/xhtml1-transitional.dtd">
<html xmlns="http://www.w3.org/1999/xhtml" xml:lang="en" lang="en">
 <head>
  <title>
</title>
<meta http-equiv="Content-Type" content="text/html;charset=utf-8" />
  <meta name='ocr-system' content='tesseract 3.04.00' />
  <meta name='ocr-capabilities' content='ocr_page ocr_carea ocr_par ocr_line ocrx_word'/>
</head>
<body>
  <div class='ocr_page' id='page_1' title='image "./eulogiumhistori00haydgoog_0460.png"; bbox 0 0 3590 5844; ppageno 0'>
   <div class='ocr_carea' id='block_1_1' title="bbox 497 825 1358 901">
    <p class='ocr_par' dir='ltr' id='par_1_1' title="bbox 497 825 1358 901">
     <span class='ocr_line' id='line_1_1' title="bbox 497 825 1358 901; baseline -0.003 -5"><span class='ocrx_word' id='word_1_1' title='bbox 497 825 563 901; x_wconf 76' lang='lat'><strong>872</strong></span> <span class='ocrx_word' id='word_1_2' title='bbox 797 845 979 896; x_wconf 73' lang='lat' dir='ltr'><strong>sumerum</strong></span> <span class='ocrx_word' id='word_1_3' title='bbox 1002 841 1249 895; x_wconf 76' lang='lat' dir='ltr'><strong>meramnum.</strong></span> <span class='ocrx_word' id='word_1_4' title='bbox 1354 867 1358 874; x_wconf 90' lang='lat'>-</span> 
     </span>
    </p>
   </div>
   <div class='ocr_carea' id='block_1_2' title="bbox 435 1009 1567 2953">
    <p class='ocr_par' dir='ltr' id='par_1_2' title="bbox 435 1009 1567 2540">
     <span class='ocr_line' id='line_1_2' title="bbox 435 1009 1567 1108; baseline -0.009 -19"><span class='ocrx_word' id='word_1_5' title='bbox 435 1069 440 1080; x_wconf 84' lang='lat'><em>·</em></span> <span class='ocrx_word' id='word_1_6' title='bbox 497 1038 655 1108; x_wconf 82' lang='lat' dir='ltr'><strong>magnum</strong></span> <span class='ocrx_word' id='word_1_7' title='bbox 676 1020 830 1108; x_wconf 85' lang='lat' dir='ltr'><strong>proelium</strong></span> <span class='ocrx_word' id='word_1_8' title='bbox 845 1021 1088 1099; x_wconf 87' lang='lat' dir='ltr'><strong>oommiserunt,</strong></span> <span class='ocrx_word' id='word_1_9' title='bbox 1104 1021 1139 1084; x_wconf 90' lang='lat' dir='ltr'><strong>et</strong></span> <span class='ocrx_word' id='word_1_10' title='bbox 1159 1019 1195 1084; x_wconf 91' lang='lat' dir='ltr'><strong>in</strong></span> <span class='ocrx_word' id='word_1_11' title='bbox 1217 1021 1310 1107; x_wconf 83' lang='lat' dir='ltr'><strong>parte</strong></span> <span class='ocrx_word' id='word_1_12' title='bbox 1326 1009 1567 1084; x_wconf 78' lang='lat' dir='ltr'><strong>(iadvvallonis</strong></span> 
     </span>
     <span class='ocr_line' id='line_1_3' title="bbox 497 1119 1563 1210; baseline -0.005 -22"><span class='ocrx_word' id='word_1_13' title='bbox 497 1123 605 1190; x_wconf 78' lang='lat' dir='ltr'><strong>multa</strong></span> <span class='ocrx_word' id='word_1_14' title='bbox 635 1123 728 1190; x_wconf 82' lang='lat' dir='ltr'><strong>milia</strong></span> <span class='ocrx_word' id='word_1_15' title='bbox 761 1121 971 1198; x_wconf 80' lang='lat' dir='ltr'><strong>oeciderunt,¹</strong></span> <span class='ocrx_word' id='word_1_16' title='bbox 1012 1127 1048 1188; x_wconf 89' lang='lat' dir='ltr'><strong>et</strong></span> <span class='ocrx_word' id='word_1_17' title='bbox 1090 1121 1161 1210; x_wconf 82' lang='lat' dir='ltr'><strong>ipse</strong></span> <span class='ocrx_word' id='word_1_18' title='bbox 1195 1119 1332 1188; x_wconf 88' lang='lat' dir='ltr'><strong>tandem</strong></span> <span class='ocrx_word' id='word_1_19' title='bbox 1366 1121 1406 1186; x_wconf 95' lang='lat' dir='ltr'><strong>in</strong></span> <span class='ocrx_word' id='word_1_20' title='bbox 1442 1119 1563 1206; x_wconf 80' lang='lat' dir='ltr'><strong>fugam</strong></span> 
     </span>
     <span class='ocr_line' id='line_1_4' title="bbox 497 1222 1564 1310; baseline -0.004 -19"><span class='ocrx_word' id='word_1_21' title='bbox 497 1245 609 1292; x_wconf 82' lang='lat' dir='ltr'><strong>veram</strong></span> <span class='ocrx_word' id='word_1_22' title='bbox 633 1223 830 1292; x_wconf 75' lang='lat' dir='ltr'><strong>Hiberniam</strong></span> <span class='ocrx_word' id='word_1_23' title='bbox 856 1224 948 1290; x_wconf 82' lang='lat' dir='ltr'><strong>adiit</strong></span> <span class='ocrx_word' id='word_1_24' title='bbox 995 1223 1159 1290; x_wconf 84' lang='lat' dir='ltr'><strong>Edvinua</strong></span> <span class='ocrx_word' id='word_1_25' title='bbox 1189 1245 1267 1290; x_wconf 82' lang='lat' dir='ltr'><strong>vero</strong></span> <span class='ocrx_word' id='word_1_26' title='bbox 1301 1222 1482 1310; x_wconf 88' lang='lat' dir='ltr'><strong>triumpho</strong></span> <span class='ocrx_word' id='word_1_27' title='bbox 1506 1241 1564 1307; x_wconf 86' lang='lat' dir='ltr'><strong>po·</strong></span> 
     </span>
     <span class='ocr_line' id='line_1_5' title="bbox 496 1323 1561 1416; baseline -0.006 -22"><span class='ocrx_word' id='word_1_28' title='bbox 496 1326 580 1394; x_wconf 87' lang='lat' dir='ltr'><strong>titus</strong></span> <span class='ocrx_word' id='word_1_29' title='bbox 602 1327 788 1416; x_wconf 83' lang='lat' dir='ltr'><strong>provincias</strong></span> <span class='ocrx_word' id='word_1_30' title='bbox 812 1326 1001 1408; x_wconf 87' lang='lat' dir='ltr'><strong>Britonum,</strong></span> <span class='ocrx_word' id='word_1_31' title='bbox 1017 1326 1172 1394; x_wconf 77' lang='lat' dir='ltr'><strong>civitatee</strong></span> <span class='ocrx_word' id='word_1_32' title='bbox 1195 1333 1230 1392; x_wconf 87' lang='lat' dir='ltr'><strong>et</strong></span> <span class='ocrx_word' id='word_1_33' title='bbox 1252 1325 1377 1414; x_wconf 85' lang='lat' dir='ltr'><strong>oppida</strong></span> <span class='ocrx_word' id='word_1_34' title='bbox 1400 1330 1442 1392; x_wconf 93' lang='lat' dir='ltr'><strong>et</strong></span> <span class='ocrx_word' id='word_1_35' title='bbox 1464 1323 1561 1390; x_wconf 89' lang='lat' dir='ltr'><strong>babi-</strong></span> 
     </span>
     <span class='ocr_line' id='line_1_6' title="bbox 496 1427 1563 1517; baseline -0.006 -21"><span class='ocrx_word' id='word_1_36' title='bbox 496 1435 606 1496; x_wconf 84' lang='lat' dir='ltr'><strong>tantes</strong></span> <span class='ocrx_word' id='word_1_37' title='bbox 629 1427 781 1496; x_wconf 77' lang='lat' dir='ltr'><strong>oolonee⁹</strong></span> <span class='ocrx_word' id='word_1_38' title='bbox 812 1429 962 1517; x_wconf 89' lang='lat' dir='ltr'><strong>pluribus</strong></span> <span class='ocrx_word' id='word_1_39' title='bbox 994 1430 1169 1496; x_wconf 82' lang='lat' dir='ltr'><strong>tormentis</strong></span> <span class='ocrx_word' id='word_1_40' title='bbox 1201 1430 1321 1494; x_wconf 81' lang='lat' dir='ltr'><strong>affecit.</strong></span> <span class='ocrx_word' id='word_1_41' title='bbox 1368 1427 1563 1515; x_wconf 81' lang='lat' dir='ltr'><strong>cogitante</strong></span> 
     </span>
     <span class='ocr_line' id='line_1_7' title="bbox 497 1529 1561 1620; baseline -0.006 -21"><span class='ocrx_word' id='word_1_42' title='bbox 497 1529 708 1600; x_wconf 82' lang='lat' dir='ltr'><strong>Oadvallone</strong></span> <span class='ocrx_word' id='word_1_43' title='bbox 737 1533 926 1620; x_wconf 68' lang='lat' dir='ltr'><strong>repatriare,</strong></span> <span class='ocrx_word' id='word_1_44' title='bbox 950 1537 985 1598; x_wconf 88' lang='lat' dir='ltr'><strong>et</strong></span> <span class='ocrx_word' id='word_1_45' title='bbox 1008 1553 1110 1598; x_wconf 84' lang='lat' dir='ltr'><strong>naves</strong></span> <span class='ocrx_word' id='word_1_46' title='bbox 1132 1551 1257 1618; x_wconf 86' lang='lat' dir='ltr'><strong>parare,</strong></span> <span class='ocrx_word' id='word_1_47' title='bbox 1280 1529 1442 1619; x_wconf 79' lang='lat' dir='ltr'><strong>paratas⁸</strong></span> <span class='ocrx_word' id='word_1_48' title='bbox 1467 1547 1561 1594; x_wconf 84' lang='lat' dir='ltr'><strong>mare</strong></span> 
     </span>
     <span class='ocr_line' id='line_1_8' title="bbox 495 1633 1560 1722; baseline -0.002 -24"><span class='ocrx_word' id='word_1_49' title='bbox 495 1636 629 1712; x_wconf 86' lang='lat' dir='ltr'><strong>euleare,</strong></span> <span class='ocrx_word' id='word_1_50' title='bbox 672 1655 882 1720; x_wconf 87' lang='lat' dir='ltr'><strong>nequaquam</strong></span> <span class='ocrx_word' id='word_1_51' title='bbox 927 1633 968 1700; x_wconf 90' lang='lat' dir='ltr'><strong>ad</strong></span> <span class='ocrx_word' id='word_1_52' title='bbox 1001 1633 1146 1722; x_wconf 76' lang='lat' dir='ltr'><strong>aliquem</strong></span> <span class='ocrx_word' id='word_1_53' title='bbox 1186 1640 1323 1722; x_wconf 88' lang='lat' dir='ltr'><strong>portum</strong></span> <span class='ocrx_word' id='word_1_54' title='bbox 1369 1633 1560 1698; x_wconf 84' lang='lat' dir='ltr'><strong>Britonurn</strong></span> 
     </span>
     <span class='ocr_line' id='line_1_9' title="bbox 495 1735 1561 1826; baseline -0.007 -22"><span class='ocrx_word' id='word_1_55' title='bbox 495 1743 626 1826; x_wconf 83' lang='lat' dir='ltr'><strong>poterat</strong></span> <span class='ocrx_word' id='word_1_56' title='bbox 648 1757 749 1802; x_wconf 83' lang='lat' dir='ltr'><strong>naves</strong></span> <span class='ocrx_word' id='word_1_57' title='bbox 781 1759 857 1802; x_wconf 87' lang='lat' dir='ltr'><strong>suas</strong></span> <span class='ocrx_word' id='word_1_58' title='bbox 879 1741 1019 1803; x_wconf 82' lang='lat' dir='ltr'><strong>vectare.</strong></span> <span class='ocrx_word' id='word_1_59' title='bbox 1067 1735 1151 1802; x_wconf 87' lang='lat' dir='ltr'><strong>Erat</strong></span> <span class='ocrx_word' id='word_1_60' title='bbox 1185 1739 1297 1802; x_wconf 84' lang='lat' dir='ltr'><strong>autem</strong></span> <span class='ocrx_word' id='word_1_61' title='bbox 1332 1737 1368 1802; x_wconf 89' lang='lat' dir='ltr'><strong>iu</strong></span> <span class='ocrx_word' id='word_1_62' title='bbox 1391 1735 1561 1802; x_wconf 76' lang='lat' dir='ltr'><strong>comitiva</strong></span> 
     </span>
     <span class='ocr_line' id='line_1_10' title="bbox 497 1837 1558 1928; baseline -0.005 -21"><span class='ocrx_word' id='word_1_63' title='bbox 497 1839 629 1907; x_wconf 85' lang='lat' dir='ltr'><strong>Edvvini</strong></span> <span class='ocrx_word' id='word_1_64' title='bbox 666 1837 829 1926; x_wconf 84' lang='lat' dir='ltr'><strong>qnidam⁴</strong></span> <span class='ocrx_word' id='word_1_65' title='bbox 858 1861 965 1928; x_wconf 83' lang='lat' dir='ltr'><strong>augur</strong></span> <span class='ocrx_word' id='word_1_66' title='bbox 995 1837 1036 1906; x_wconf 89' lang='lat' dir='ltr'><strong>de</strong></span> <span class='ocrx_word' id='word_1_67' title='bbox 1072 1837 1237 1926; x_wconf 84' lang='lat' dir='ltr'><strong>Hispania</strong></span> <span class='ocrx_word' id='word_1_68' title='bbox 1267 1843 1375 1917; x_wconf 83' lang='lat' dir='ltr'><strong>natue,</strong></span> <span class='ocrx_word' id='word_1_69' title='bbox 1409 1837 1558 1904; x_wconf 77' lang='lat' dir='ltr'><strong>Pellibus</strong></span> 
     </span>
     <span class='ocr_line' id='line_1_11' title="bbox 495 1941 1557 2029; baseline -0.004 -21"><span class='ocrx_word' id='word_1_70' title='bbox 495 1943 638 2024; x_wconf 88' lang='lat' dir='ltr'><strong>nomine,</strong></span> <span class='ocrx_word' id='word_1_71' title='bbox 663 1941 721 2029; x_wconf 90' lang='lat' dir='ltr'><strong>qui</strong></span> <span class='ocrx_word' id='word_1_72' title='bbox 755 1941 888 2008; x_wconf 86' lang='lat' dir='ltr'><strong>volatus</strong></span> <span class='ocrx_word' id='word_1_73' title='bbox 918 1941 1090 2008; x_wconf 86' lang='lat' dir='ltr'><strong>voluerum</strong></span> <span class='ocrx_word' id='word_1_74' title='bbox 1117 1963 1295 2028; x_wconf 87' lang='lat' dir='ltr'><strong>cursusque</strong></span> <span class='ocrx_word' id='word_1_75' title='bbox 1318 1941 1499 2008; x_wconf 80' lang='lat' dir='ltr'><strong>stellamm</strong></span> <span class='ocrx_word' id='word_1_76' title='bbox 1522 1945 1557 2005; x_wconf 91' lang='lat' dir='ltr'><strong>et</strong></span> 
     </span>
     <span class='ocr_line' id='line_1_12' title="bbox 495 2043 1556 2129; baseline -0.004 -17"><span class='ocrx_word' id='word_1_77' title='bbox 495 2045 669 2112; x_wconf 89' lang='lat' dir='ltr'><strong>brutorum</strong></span> <span class='ocrx_word' id='word_1_78' title='bbox 692 2043 888 2110; x_wconf 88' lang='lat' dir='ltr'><strong>animalium</strong></span> <span class='ocrx_word' id='word_1_79' title='bbox 911 2043 1047 2110; x_wconf 87' lang='lat' dir='ltr'><strong>edoetus</strong></span> <span class='ocrx_word' id='word_1_80' title='bbox 1070 2043 1102 2109; x_wconf 88' lang='lat' dir='ltr'><strong>ai</strong></span> <span class='ocrx_word' id='word_1_81' title='bbox 1124 2044 1237 2108; x_wconf 90' lang='lat' dir='ltr'><strong>omnia</strong></span> <span class='ocrx_word' id='word_1_82' title='bbox 1263 2043 1454 2110; x_wconf 84' lang='lat' dir='ltr'><strong>infortunia</strong></span> <span class='ocrx_word' id='word_1_83' title='bbox 1480 2061 1556 2129; x_wconf 76' lang='lat' dir='ltr'><strong>qum</strong></span> 
     </span>
     <span class='ocr_line' id='line_1_13' title="bbox 493 2143 1554 2234; baseline -0.006 -18"><span class='ocrx_word' id='word_1_84' title='bbox 493 2143 714 2216; x_wconf 80' lang='lat' dir='ltr'><strong>auoidebant⁶</strong></span> <span class='ocrx_word' id='word_1_85' title='bbox 736 2147 957 2234; x_wconf 74' lang='lat' dir='ltr'><strong>pradioebat;</strong></span> <span class='ocrx_word' id='word_1_86' title='bbox 980 2145 1070 2213; x_wconf 88' lang='lat' dir='ltr'><strong>uude</strong></span> <span class='ocrx_word' id='word_1_87' title='bbox 1099 2147 1210 2212; x_wconf 89' lang='lat' dir='ltr'><strong>reditu</strong></span> <span class='ocrx_word' id='word_1_88' title='bbox 1233 2144 1462 2214; x_wconf 84' lang='lat' dir='ltr'><strong>Oadvallonis</strong></span> <span class='ocrx_word' id='word_1_89' title='bbox 1496 2167 1554 2210; x_wconf 87' lang='lat' dir='ltr'><strong>ne-</strong></span> 
     </span>
     <span class='ocr_line' id='line_1_14' title="bbox 493 2247 1553 2336; baseline -0.004 -20"><span class='ocrx_word' id='word_1_90' title='bbox 493 2251 627 2330; x_wconf 86' lang='lat' dir='ltr'><strong>tifieato,</strong></span> <span class='ocrx_word' id='word_1_91' title='bbox 651 2248 811 2316; x_wconf 76' lang='lat' dir='ltr'><strong>obviabat</strong></span> <span class='ocrx_word' id='word_1_92' title='bbox 833 2249 864 2314; x_wconf 90' lang='lat' dir='ltr'><strong>ei</strong></span> <span class='ocrx_word' id='word_1_93' title='bbox 888 2247 1049 2314; x_wconf 85' lang='lat' dir='ltr'><strong>Edvinus</strong></span> <span class='ocrx_word' id='word_1_94' title='bbox 1081 2268 1250 2336; x_wconf 86' lang='lat' dir='ltr'><strong>navesque</strong></span> <span class='ocrx_word' id='word_1_95' title='bbox 1285 2247 1454 2316; x_wconf 84' lang='lat' dir='ltr'><strong>Cadwnlli</strong></span> <span class='ocrx_word' id='word_1_96' title='bbox 1489 2247 1553 2312; x_wconf 88' lang='lat' dir='ltr'><strong>iili·</strong></span> 
     </span>
     <span class='ocr_line' id='line_1_15' title="bbox 492 2349 1552 2440; baseline -0.003 -21"><span class='ocrx_word' id='word_1_97' title='bbox 492 2351 603 2434; x_wconf 88' lang='lat' dir='ltr'><strong>debat,</strong></span> <span class='ocrx_word' id='word_1_98' title='bbox 638 2353 689 2418; x_wconf 86' lang='lat' dir='ltr'><strong>ita</strong></span> <span class='ocrx_word' id='word_1_99' title='bbox 726 2359 765 2418; x_wconf 88' lang='lat' dir='ltr'><strong>ut</strong></span> <span class='ocrx_word' id='word_1_100' title='bbox 803 2351 981 2419; x_wconf 78' lang='lat' dir='ltr'><strong>submersis</strong></span> <span class='ocrx_word' id='word_1_101' title='bbox 1012 2351 1108 2418; x_wconf 80' lang='lat' dir='ltr'><strong>soniis</strong></span> <span class='ocrx_word' id='word_1_102' title='bbox 1148 2350 1180 2416; x_wconf 89' lang='lat' dir='ltr'><strong>ei</strong></span> <span class='ocrx_word' id='word_1_103' title='bbox 1223 2372 1354 2418; x_wconf 91' lang='lat' dir='ltr'><strong>omnem</strong></span> <span class='ocrx_word' id='word_1_104' title='bbox 1386 2349 1552 2440; x_wconf 81' lang='lat' dir='ltr'><strong>portnm⁶</strong></span> 
     </span>
     <span class='ocr_line' id='line_1_16' title="bbox 491 2451 1007 2540; baseline -0.002 -19"><span class='ocrx_word' id='word_1_105' title='bbox 491 2457 592 2521; x_wconf 85' lang='lat' dir='ltr'><strong>armis</strong></span> <span class='ocrx_word' id='word_1_106' title='bbox 614 2456 781 2521; x_wconf 90' lang='lat' dir='ltr'><strong>munitum</strong></span> <span class='ocrx_word' id='word_1_107' title='bbox 803 2451 1007 2540; x_wconf 82' lang='lat' dir='ltr'><strong>abnegaret⁷</strong></span> 
     </span>
    </p>

    <p class='ocr_par' dir='ltr' id='par_1_3' title="bbox 490 2559 1549 2953">
     <span class='ocr_line' id='line_1_17' title="bbox 536 2559 1549 2628; baseline -0.003 -1"><span class='ocrx_word' id='word_1_108' title='bbox 536 2560 684 2627; x_wconf 81' lang='lat' dir='ltr'><strong>Tandem</strong></span> <span class='ocrx_word' id='word_1_109' title='bbox 722 2581 837 2626; x_wconf 88' lang='lat' dir='ltr'><strong>versus</strong></span> <span class='ocrx_word' id='word_1_110' title='bbox 880 2566 1004 2626; x_wconf 87' lang='lat' dir='ltr'><strong>terram</strong></span> <span class='ocrx_word' id='word_1_111' title='bbox 1044 2559 1336 2626; x_wconf 80' lang='lat' dir='ltr'><strong>Armorieanorum</strong></span> <span class='ocrx_word' id='word_1_112' title='bbox 1371 2561 1549 2628; x_wconf 86' lang='lat' dir='ltr'><strong>divertens</strong></span> 
     </span>
     <span class='ocr_line' id='line_1_18' title="bbox 491 2661 1549 2751; baseline -0.001 -23"><span class='ocrx_word' id='word_1_113' title='bbox 491 2686 512 2728; x_wconf 91' lang='lat' dir='ltr'><strong>a</strong></span> <span class='ocrx_word' id='word_1_114' title='bbox 535 2683 611 2749; x_wconf 82' lang='lat' dir='ltr'><strong>rege</strong></span> <span class='ocrx_word' id='word_1_115' title='bbox 633 2662 758 2728; x_wconf 87' lang='lat' dir='ltr'><strong>ibidem</strong></span> <span class='ocrx_word' id='word_1_116' title='bbox 781 2661 956 2728; x_wconf 87' lang='lat' dir='ltr'><strong>Salomone</strong></span> <span class='ocrx_word' id='word_1_117' title='bbox 982 2662 1158 2728; x_wconf 83' lang='lat' dir='ltr'><strong>honorifice</strong></span> <span class='ocrx_word' id='word_1_118' title='bbox 1180 2667 1220 2728; x_wconf 86' lang='lat' dir='ltr'><strong>ut</strong></span> <span class='ocrx_word' id='word_1_119' title='bbox 1242 2661 1353 2728; x_wconf 82' lang='lat' dir='ltr'><strong>decuit</strong></span> <span class='ocrx_word' id='word_1_120' title='bbox 1375 2669 1549 2751; x_wconf 83' lang='lat' dir='ltr'><strong>suseeptus</strong></span> 
     </span>
     <span class='ocr_line' id='line_1_19' title="bbox 491 2761 1549 2853; baseline -0.001 -23"><span class='ocrx_word' id='word_1_121' title='bbox 491 2771 548 2841; x_wconf 86' lang='lat' dir='ltr'><strong>oet,</strong></span> <span class='ocrx_word' id='word_1_122' title='bbox 581 2769 616 2829; x_wconf 88' lang='lat' dir='ltr'><strong>et</strong></span> <span class='ocrx_word' id='word_1_123' title='bbox 642 2763 805 2828; x_wconf 86' lang='lat' dir='ltr'><strong>auxilium</strong></span> <span class='ocrx_word' id='word_1_124' title='bbox 841 2761 905 2830; x_wconf 85' lang='lat' dir='ltr'><strong>eibi</strong></span> <span class='ocrx_word' id='word_1_125' title='bbox 930 2764 1154 2851; x_wconf 88' lang='lat' dir='ltr'><strong>promittendo</strong></span> <span class='ocrx_word' id='word_1_126' title='bbox 1177 2765 1214 2829; x_wconf 90' lang='lat' dir='ltr'><strong>in</strong></span> <span class='ocrx_word' id='word_1_127' title='bbox 1237 2764 1307 2832; x_wconf 84' lang='lat' dir='ltr'><strong>haeo</strong></span> <span class='ocrx_word' id='word_1_128' title='bbox 1337 2767 1444 2832; x_wconf 88' lang='lat' dir='ltr'><strong>verba</strong></span> <span class='ocrx_word' id='word_1_129' title='bbox 1475 2787 1549 2853; x_wconf 89' lang='lat' dir='ltr'><strong>pro-</strong></span> 
     </span>
     <span class='ocr_line' id='line_1_20' title="bbox 490 2863 646 2953; baseline -0.006 -21"><span class='ocrx_word' id='word_1_130' title='bbox 490 2863 582 2953; x_wconf 83' lang='lat' dir='ltr'><strong>rupit</strong></span> <span class='ocrx_word' id='word_1_131' title='bbox 592 2889 646 2932; x_wconf 76' lang='lat'><strong>:-</strong></span> 
     </span>
    </p>
   </div>
   <div class='ocr_carea' id='block_1_3' title="bbox 891 3249 1136 3320">
    <p class='ocr_par' dir='ltr' id='par_1_4' title="bbox 891 3249 1136 3320">
     <span class='ocr_line' id='line_1_21' title="bbox 891 3249 1136 3320; baseline 0.008 -2"><span class='ocrx_word' id='word_1_132' title='bbox 891 3251 971 3320; x_wconf 74' lang='lat' dir='ltr'><strong>Our.</strong></span> <span class='ocrx_word' id='word_1_133' title='bbox 995 3249 1136 3320; x_wconf 86' lang='lat' dir='ltr'>LXXII.</span> 
     </span>
    </p>
   </div>
   <div class='ocr_carea' id='block_1_4' title="bbox 483 3455 1542 4268">
    <p class='ocr_par' dir='ltr' id='par_1_5' title="bbox 483 3455 1542 4268">
     <span class='ocr_line' id='line_1_22' title="bbox 534 3455 1542 3549; baseline 0.004 -25"><span class='ocrx_word' id='word_1_134' title='bbox 534 3458 736 3524; x_wconf 75' lang='lat' dir='ltr'><strong>DoLnNoUu</strong></span> <span class='ocrx_word' id='word_1_135' title='bbox 750 3456 846 3522; x_wconf 87' lang='lat' dir='ltr'><strong>nobie</strong></span> <span class='ocrx_word' id='word_1_136' title='bbox 858 3455 928 3538; x_wconf 78' lang='lat' dir='ltr'><strong>est,</strong></span> <span class='ocrx_word' id='word_1_137' title='bbox 944 3458 1067 3546; x_wconf 84' lang='lat' dir='ltr'><strong>egregii</strong></span> <span class='ocrx_word' id='word_1_138' title='bbox 1078 3458 1228 3544; x_wconf 85' lang='lat' dir='ltr'><strong>juvenes,</strong></span> <span class='ocrx_word' id='word_1_139' title='bbox 1244 3463 1387 3549; x_wconf 87' lang='lat' dir='ltr'><strong>patriam</strong></span> <span class='ocrx_word' id='word_1_140' title='bbox 1403 3485 1542 3531; x_wconf 88' lang='lat' dir='ltr'><strong>avorum</strong></span> 
     </span>
     <span class='ocr_line' id='line_1_23' title="bbox 487 3559 1540 3650; baseline 0.004 -24"><span class='ocrx_word' id='word_1_141' title='bbox 487 3567 672 3626; x_wconf 86' lang='lat' dir='ltr'><strong>vestrorum</strong></span> <span class='ocrx_word' id='word_1_142' title='bbox 709 3581 730 3626; x_wconf 91' lang='lat' dir='ltr'><strong>a</strong></span> <span class='ocrx_word' id='word_1_143' title='bbox 766 3559 909 3624; x_wconf 87' lang='lat' dir='ltr'><strong>barbara</strong></span> <span class='ocrx_word' id='word_1_144' title='bbox 939 3567 1040 3647; x_wconf 84' lang='lat' dir='ltr'><strong>gente</strong></span> <span class='ocrx_word' id='word_1_145' title='bbox 1078 3583 1149 3628; x_wconf 86' lang='lat' dir='ltr'><strong>esee</strong></span> <span class='ocrx_word' id='word_1_146' title='bbox 1180 3583 1378 3650; x_wconf 80' lang='lat' dir='ltr'><strong>oppressam,</strong></span> <span class='ocrx_word' id='word_1_147' title='bbox 1402 3571 1438 3632; x_wconf 85' lang='lat' dir='ltr'><strong>et</strong></span> <span class='ocrx_word' id='word_1_148' title='bbox 1481 3587 1540 3632; x_wconf 88' lang='lat' dir='ltr'><strong>voe</strong></span> 
     </span>
     <span class='ocr_line' id='line_1_24' title="bbox 487 3660 1541 3758; baseline 0.005 -30"><span class='ocrx_word' id='word_1_149' title='bbox 487 3662 705 3751; x_wconf 87' lang='lat' dir='ltr'><strong>ignominiose</strong></span> <span class='ocrx_word' id='word_1_150' title='bbox 736 3660 899 3748; x_wconf 85' lang='lat' dir='ltr'><strong>expulsos,</strong></span> <span class='ocrx_word' id='word_1_151' title='bbox 933 3668 967 3728; x_wconf 88' lang='lat' dir='ltr'><strong>et</strong></span> <span class='ocrx_word' id='word_1_152' title='bbox 999 3683 1073 3728; x_wconf 84' lang='lat' dir='ltr'><strong>oum</strong></span> <span class='ocrx_word' id='word_1_153' title='bbox 1109 3665 1221 3731; x_wconf 79' lang='lat' dir='ltr'><strong>eaeteri</strong></span> <span class='ocrx_word' id='word_1_154' title='bbox 1257 3665 1408 3734; x_wconf 82' lang='lat' dir='ltr'><strong>homines</strong></span> <span class='ocrx_word' id='word_1_155' title='bbox 1437 3691 1541 3758; x_wconf 86' lang='lat' dir='ltr'><strong>regua</strong></span> 
     </span>
     <span class='ocr_line' id='line_1_25' title="bbox 487 3759 1539 3854; baseline 0.004 -22"><span class='ocrx_word' id='word_1_156' title='bbox 487 3788 547 3832; x_wconf 89' lang='lat' dir='ltr'><strong>sua</strong></span> <span class='ocrx_word' id='word_1_157' title='bbox 577 3759 663 3832; x_wconf 88' lang='lat' dir='ltr'><strong>tueri</strong></span> <span class='ocrx_word' id='word_1_158' title='bbox 687 3769 823 3850; x_wconf 87' lang='lat' dir='ltr'><strong>queant,</strong></span> <span class='ocrx_word' id='word_1_159' title='bbox 848 3763 971 3830; x_wconf 87' lang='lat' dir='ltr'><strong>mirum</strong></span> <span class='ocrx_word' id='word_1_160' title='bbox 1009 3771 1060 3832; x_wconf 86' lang='lat' dir='ltr'><strong>eet</strong></span> <span class='ocrx_word' id='word_1_161' title='bbox 1090 3767 1248 3854; x_wconf 87' lang='lat' dir='ltr'><strong>populum</strong></span> <span class='ocrx_word' id='word_1_162' title='bbox 1282 3774 1431 3836; x_wconf 85' lang='lat' dir='ltr'><strong>vestrum</strong></span> <span class='ocrx_word' id='word_1_163' title='bbox 1470 3779 1539 3838; x_wconf 85' lang='lat' dir='ltr'><strong>tam</strong></span> 
     </span>
     <span class='ocr_line' id='line_1_26' title="bbox 485 3867 1537 3961; baseline 0.007 -27"><span class='ocrx_word' id='word_1_164' title='bbox 485 3867 668 3934; x_wconf 77' lang='lat' dir='ltr'><strong>foeormdam</strong></span> <span class='ocrx_word' id='word_1_165' title='bbox 698 3867 840 3932; x_wconf 82' lang='lat' dir='ltr'><strong>insulam</strong></span> <span class='ocrx_word' id='word_1_166' title='bbox 863 3868 1009 3933; x_wconf 85' lang='lat' dir='ltr'><strong>amisisse</strong></span> <span class='ocrx_word' id='word_1_167' title='bbox 1040 3873 1074 3933; x_wconf 85' lang='lat' dir='ltr'><strong>et</strong></span> <span class='ocrx_word' id='word_1_168' title='bbox 1102 3871 1196 3956; x_wconf 84' lang='lat' dir='ltr'><strong>genti</strong></span> <span class='ocrx_word' id='word_1_169' title='bbox 1223 3871 1407 3959; x_wconf 87' lang='lat' dir='ltr'><strong>Anglorum</strong></span> <span class='ocrx_word' id='word_1_170' title='bbox 1438 3897 1537 3961; x_wconf 90' lang='lat' dir='ltr'><strong>quam</strong></span> 
     </span>
     <span class='ocr_line' id='line_1_27' title="bbox 485 3967 1536 4062; baseline 0.007 -26"><span class='ocrx_word' id='word_1_171' title='bbox 485 3975 647 4036; x_wconf 75' lang='lat' dir='ltr'><strong>vestrates</strong></span> <span class='ocrx_word' id='word_1_172' title='bbox 662 3991 721 4056; x_wconf 88' lang='lat' dir='ltr'><strong>pro</strong></span> <span class='ocrx_word' id='word_1_173' title='bbox 744 3969 804 4034; x_wconf 86' lang='lat' dir='ltr'><strong>vili</strong></span> <span class='ocrx_word' id='word_1_174' title='bbox 827 3967 1014 4036; x_wconf 86' lang='lat' dir='ltr'><strong>habuerant</strong></span> <span class='ocrx_word' id='word_1_175' title='bbox 1036 3971 1186 4038; x_wconf 83' lang='lat' dir='ltr'><strong>resistere</strong></span> <span class='ocrx_word' id='word_1_176' title='bbox 1210 3994 1278 4038; x_wconf 92' lang='lat' dir='ltr'><strong>non</strong></span> <span class='ocrx_word' id='word_1_177' title='bbox 1293 3997 1393 4062; x_wconf 87' lang='lat' dir='ltr'><strong>posse.</strong></span> <span class='ocrx_word' id='word_1_178' title='bbox 1438 3976 1536 4042; x_wconf 90' lang='lat' dir='ltr'><strong>Unde</strong></span> 
     </span>
     <span class='ocr_line' id='line_1_28' title="bbox 485 4071 1535 4160; baseline 0.006 -22"><span class='ocrx_word' id='word_1_179' title='bbox 485 4072 693 4138; x_wconf 83' lang='lat' dir='ltr'><strong>debilitatem</strong></span> <span class='ocrx_word' id='word_1_180' title='bbox 736 4071 851 4160; x_wconf 90' lang='lat' dir='ltr'><strong>populi</strong></span> <span class='ocrx_word' id='word_1_181' title='bbox 885 4071 989 4138; x_wconf 84' lang='lat' dir='ltr'><strong>vestri</strong></span> <span class='ocrx_word' id='word_1_182' title='bbox 1027 4073 1192 4155; x_wconf 80' lang='lat' dir='ltr'><strong>condoleo,</strong></span> <span class='ocrx_word' id='word_1_183' title='bbox 1236 4097 1310 4142; x_wconf 86' lang='lat' dir='ltr'><strong>eum</strong></span> <span class='ocrx_word' id='word_1_184' title='bbox 1342 4099 1384 4142; x_wconf 82' lang='lat' dir='ltr'><strong>ex</strong></span> <span class='ocrx_word' id='word_1_185' title='bbox 1422 4080 1535 4146; x_wconf 87' lang='lat' dir='ltr'><strong>eodem</strong></span> 
     </span>
     <span class='ocr_line' id='line_1_29' title="bbox 483 4173 1533 4268; baseline 0.009 -30"><span class='ocrx_word' id='word_1_186' title='bbox 483 4195 602 4264; x_wconf 85' lang='lat' dir='ltr'><strong>genere</strong></span> <span class='ocrx_word' id='word_1_187' title='bbox 625 4175 727 4239; x_wconf 88' lang='lat' dir='ltr'><strong>simus</strong></span> <span class='ocrx_word' id='word_1_188' title='bbox 750 4173 854 4240; x_wconf 88' lang='lat' dir='ltr'><strong>etsie</strong></span> <span class='ocrx_word' id='word_1_189' title='bbox 877 4174 1033 4241; x_wconf 88' lang='lat' dir='ltr'><strong>Britonee</strong></span> <span class='ocrx_word' id='word_1_190' title='bbox 1064 4177 1231 4244; x_wconf 89' lang='lat' dir='ltr'><strong>nominati</strong></span> <span class='ocrx_word' id='word_1_191' title='bbox 1255 4177 1368 4268; x_wconf 85' lang='lat' dir='ltr'><strong>[estis]</strong></span> <span class='ocrx_word' id='word_1_192' title='bbox 1393 4179 1479 4246; x_wconf 69' lang='lat' dir='ltr'><strong>ment</strong></span> <span class='ocrx_word' id='word_1_193' title='bbox 1500 4187 1533 4248; x_wconf 85' lang='lat' dir='ltr'><strong>et</strong></span> 
     </span>
    </p>
   </div>
   <div class='ocr_carea' id='block_1_5' title="bbox 1141 4381 1533 4392">
    <p class='ocr_par' dir='ltr' id='par_1_6' title="bbox 1141 4381 1533 4392">
     <span class='ocr_line' id='line_1_30' title="bbox 1141 4381 1533 4392; baseline 0.008 -3"><span class='ocrx_word' id='word_1_194' title='bbox 1141 4381 1476 4392; x_wconf 49' lang='lat' dir='ltr'><strong>*num—*—</strong></span> <span class='ocrx_word' id='word_1_195' title='bbox 1502 4382 1533 4390; x_wconf 63' lang='grc' dir='ltr'><strong>ω·-</strong></span> 
     </span>
    </p>
   </div>
   <div class='ocr_carea' id='block_1_6' title="bbox 481 4511 1467 4741">
    <p class='ocr_par' dir='ltr' id='par_1_7' title="bbox 481 4511 1467 4741">
     <span class='ocr_line' id='line_1_31' title="bbox 516 4511 1334 4580; baseline 0 -14"><span class='ocrx_word' id='word_1_196' title='bbox 516 4511 684 4580; x_wconf 62' lang='grc' dir='ltr'><strong>’σοοίᾰινυκη</strong></span> <span class='ocrx_word' id='word_1_197' title='bbox 712 4513 805 4564; x_wconf 82' lang='lat' dir='ltr'><strong>Added</strong></span> <span class='ocrx_word' id='word_1_198' title='bbox 823 4513 924 4578; x_wconf 78' lang='lat' dir='ltr'><strong>beyond</strong></span> <span class='ocrx_word' id='word_1_199' title='bbox 942 4514 985 4566; x_wconf 84' lang='lat' dir='ltr'><strong>the</strong></span> <span class='ocrx_word' id='word_1_200' title='bbox 1063 4511 1194 4580; x_wconf 58' lang='lat' dir='ltr'><strong>‘quidum</strong></span> <span class='ocrx_word' id='word_1_201' title='bbox 1213 4529 1262 4566; x_wconf 81' lang='lat' dir='ltr'><strong>om</strong></span> <span class='ocrx_word' id='word_1_202' title='bbox 1304 4516 1334 4566; x_wconf 88' lang='lat' dir='ltr'><strong>B.</strong></span> 
     </span>
     <span class='ocr_line' id='line_1_32' title="bbox 481 4593 1467 4661; baseline -0.001 -15"><span class='ocrx_word' id='word_1_203' title='bbox 481 4595 531 4646; x_wconf 86' lang='lat' dir='ltr'><strong>end</strong></span> <span class='ocrx_word' id='word_1_204' title='bbox 542 4593 573 4646; x_wconf 78' lang='lat' dir='ltr'><strong>os</strong></span> <span class='ocrx_word' id='word_1_205' title='bbox 580 4593 658 4646; x_wconf 80' lang='lat' dir='ltr'><strong>aline</strong></span> <span class='ocrx_word' id='word_1_206' title='bbox 669 4593 696 4643; x_wconf 91' lang='lat' dir='ltr'><strong>in</strong></span> <span class='ocrx_word' id='word_1_207' title='bbox 709 4593 743 4643; x_wconf 79' lang='lat' dir='ltr'><strong>A.</strong></span> <span class='ocrx_word' id='word_1_208' title='bbox 1063 4593 1239 4661; x_wconf 63' lang='grc' dir='ltr'><strong>ἀοοίᾰώακῆ</strong></span> <span class='ocrx_word' id='word_1_209' title='bbox 1258 4595 1408 4647; x_wconf 65' lang='lat' dir='ltr'><strong>resideant</strong></span> <span class='ocrx_word' id='word_1_210' title='bbox 1434 4597 1467 4646; x_wconf 89' lang='lat' dir='ltr'><strong>D.</strong></span> 
     </span>
     <span class='ocr_line' id='line_1_33' title="bbox 513 4671 1377 4741; baseline -0.001 -15"><span class='ocrx_word' id='word_1_211' title='bbox 513 4673 639 4741; x_wconf 71' lang='grc' dir='ltr'><strong><em>ἰοὶοπα]</em></strong></span> <span class='ocrx_word' id='word_1_212' title='bbox 658 4673 767 4725; x_wconf 82' lang='lat' dir='ltr'><strong>colonos.</strong></span> <span class='ocrx_word' id='word_1_213' title='bbox 801 4671 865 4724; x_wconf 73' lang='lat' dir='ltr'><strong>RD.</strong></span> <span class='ocrx_word' id='word_1_214' title='bbox 1062 4671 1189 4738; x_wconf 59' lang='lat' dir='ltr'><strong>&#39;porum</strong></span> <span class='ocrx_word' id='word_1_215' title='bbox 1208 4679 1312 4737; x_wconf 81' lang='lat' dir='ltr'><strong>portam.</strong></span> <span class='ocrx_word' id='word_1_216' title='bbox 1346 4673 1377 4725; x_wconf 87' lang='lat' dir='ltr'><strong>B.</strong></span> 
     </span>
    </p>
   </div>
   <div class='ocr_carea' id='block_1_7' title="bbox 513 4749 1455 4822">
    <p class='ocr_par' dir='ltr' id='par_1_8' title="bbox 513 4749 1455 4822">
     <span class='ocr_line' id='line_1_34' title="bbox 513 4749 1455 4822; baseline -0.003 -15"><span class='ocrx_word' id='word_1_217' title='bbox 513 4751 652 4822; x_wconf 67' lang='lat' dir='ltr'><strong>&#39;paratad</strong></span> <span class='ocrx_word' id='word_1_218' title='bbox 670 4753 771 4820; x_wconf 77' lang='lat' dir='ltr'><strong>parada</strong></span> <span class='ocrx_word' id='word_1_219' title='bbox 805 4749 870 4804; x_wconf 78' lang='lat' dir='ltr'><strong>BJ).</strong></span> <span class='ocrx_word' id='word_1_220' title='bbox 1062 4749 1224 4818; x_wconf 60' lang='lat' dir='ltr'><strong>&#39;adseveretJ</strong></span> <span class='ocrx_word' id='word_1_221' title='bbox 1243 4753 1384 4820; x_wconf 63' lang='grc' dir='ltr'><strong>ᾱοηοεπεῐ.</strong></span> <span class='ocrx_word' id='word_1_222' title='bbox 1422 4753 1455 4806; x_wconf 93' lang='lat' dir='ltr'><strong>D.</strong></span> 
     </span>
    </p>
   </div>
   <div class='ocr_carea' id='block_1_8' title="bbox 0 0 1800 5844">
    <p class='ocr_par' dir='ltr' id='par_1_9' title="bbox 0 0 1800 5844">
     <span class='ocr_line' id='line_1_35' title="bbox 0 0 1800 5844; baseline 0 7"><span class='ocrx_word' id='word_1_223' title='bbox 0 0 1800 5844; x_wconf 95' lang='lat' dir='ltr'><strong> </strong></span> 
     </span>
    </p>
   </div>
  </div>
 </body>
</html>
