3656 5800
628 925 810 976 nuacermr
833 925 1079 976 nrsronnnnm
1303 911 1368 976 285

322 1096 514 1164 tannicum¹
547 1119 621 1183 quae
651 1099 693 1164 ab
723 1099 799 1164 albo
823 1089 1058 1185 deprimetur!
1080 1097 1211 1163 Montes
1238 1097 1308 1183 ejus
1331 1101 1514 1162 utTtePro·

321 1199 422 1266 valles
448 1199 665 1286 eequabantur
692 1207 727 1266 et
751 1200 891 1266 flumina
914 1201 1052 1266 vallium
1075 1201 1234 1287 sangmne
1256 1221 1370 1264 mana-
1384 1172 1491 1291 mn?

321 1301 429 1368 bunt:

365 1403 484 1471 Oultue
527 1404 695 1492 religIonie
739 1405 905 1472 delebitur
949 1409 984 1472 et
1020 1404 1117 1471 ruina
1159 1405 1367 1472 ecclesiarum

321 1506 458 1594 patebit

366 1609 568 1677 Proevelebit
602 1609 737 1676 tandem
767 1631 920 1698 oppressa
949 1615 984 1676 et
1013 1609 1152 1677 saevitiae
1182 1613 1371 1676 exterorum

324 1711 475 1778 resistet:

366 1812 458 1900 Aper
492 1813 668 1881 Oornubiae
701 1835 890 1880 succursum
916 1817 1052 1903 praestet
1081 1819 1117 1881 et
1143 1813 1227 1880 colla
1257 1833 1370 1880 eorum

322 1917 384 1982 sub
406 1916 545 2004 pedibus
567 1917 636 1983 auis
658 1917 883 1983 conculcabit:

365 2017 488 2084 Ineulae
515 2018 638 2086 Oceani
666 2019 826 2106 potestati
856 2019 959 2106 ipeiue
989 2018 1173 2086 subdentur
1202 2022 1237 2086 et
1267 2017 1371 2084 Galli·

323 2141 420 2186 canos
442 2120 548 2186 saltus
569 2120 773 2208 possidebit:

368 2221 539 2288 Tremebit
555 2222 737 2290 Romulee⁸
752 2224 870 2290 domne
885 2223 1049 2292 saevitiam
1065 2222 1191 2311 ipsiue⁸
1205 2227 1241 2289 et
1262 2221 1373 2288 exitus

323 2324 393 2410 ejus
416 2323 537 2391 dubiue
558 2324 643 2391 erit:

367 2426 411 2492 In
435 2448 490 2494 ore
520 2428 716 2516 populorum
745 2427 964 2494 celebrabitur
998 2433 1032 2494 et
1063 2432 1156 2494 actae
1182 2427 1253 2515 ejus
1283 2426 1374 2494 cibue

321 2527 408 2596 erit⁴
430 2530 650 2596 narrantibus.
695 2529 764 2596 Sex
793 2529 916 2616 posteri
946 2529 1017 2615 ejue
1039 2533 1220 2617 sequentur
1242 2534 1277 2595 et
1299 2534 1374 2616 poet

322 2631 409 2718 ipsos
430 2637 587 2720 exsurget
610 2632 821 2698 Germanicus
843 2632 984 2698 vermis:

367 2733 569 2801 Sublimebit
607 2756 682 2800 eum
721 2755 891 2821 aequoreue
928 2734 1026 2822 lupus
1064 2732 1185 2820 quem⁸
1218 2732 1375 2798 Abicana

323 2859 457 2903 nemora
495 2837 749 2904 comitabuntur.
809 2837 985 2903 Delebitur
1028 2836 1149 2902 iterum
1187 2835 1302 2923 religio
1341 2839 1376 2902 et

323 2940 557 3006 transmutatio
579 2939 762 3027 primorum
785 2939 912 3005 aedium
933 2939 1015 3004 fiet:

369 3041 526 3130 Dignitac
552 3041 731 3108 bondoniae
752 3041 930 3107 adornabit
945 3040 1188 3106 Doroborniam
1207 3044 1244 3106 et
1260 3044 1375 3128 paetor

324 3143 560 3210 Eboraceneis⁰
581 3144 741 3232 septimus
763 3143 800 3208 in
823 3141 994 3209 Armorico
1017 3141 1101 3208 Siuu
1123 3141 1360 3222 fabricabitur3

376 3243 550 3311 Menevia⁷
572 3246 672 3332 pallio
696 3245 800 3311 Urbis
823 3241 1026 3332 Legionum⁸
1041 3239 1221 3310 inductnr⁹
1234 3247 1269 3308 et
1290 3265 1373 3330 prae-

323 3348 450 3414 dicator
472 3346 646 3414 Hibernia
667 3351 803 3435 propter
824 3347 986 3412 infantem
1008 3345 1046 3411 in
1064 3351 1159 3412 utero
1175 3350 1374 3411 crescentem

323 3449 534 3516 obmutescet
595 3449 693 3515 Pluet
730 3449 929 3537 sanguineus
966 3447 1073 3514 imber
1101 3452 1137 3514 et
1166 3447 1240 3514 dira
1273 3446 1376 3512 fames

323 3551 478 3618 mortales
500 3550 628 3618 afficiet.

368 3653 433 3720 Hie
454 3653 706 3741 indignantibus
736 3653 862 3720 dolebit
891 3652 1022 3735 rubeus,
1045 3653 1103 3719 eed
1125 3651 1266 3719 demisso
1279 3649 1305 3688 ¹⁰
1327 3651 1375 3717 la-

322 3755 401 3822 bore
422 3755 559 3844 vigebit.

368 3857 461 3924 Tunc
486 3858 705 3924 infortunium
735 3857 804 3923 albi
834 3857 1005 3924 festinabit
1030 3862 1065 3924 et
1092 3856 1232 3924 aedifioia
1261 3857 1377 3924 hortu-

321 3960 429 4026 lorum
452 3959 522 4048 ejue
543 3960 746 4026 dirimentur.

358 4352 565 4422 'Brllaut'mffl
576 4352 828 4406 Bilunnlcammssl).
905 4365 916 4395 ⁴
926 4362 1105 4430 Eboraemis]
1124 4363 1269 4417 Ebomflln,
1303 4365 1337 4418 D,

327 4433 531 4498 Nouumng.
557 4433 627 4484 Μ).
904 4441 1056 4510 rumara]
1076 4443 1171 4496 Meuia
1212 4443 1276 4496 B.D.

358 4509 511 4578 'nonam
530 4512 646 4563 Romula
681 4511 714 4562 D.
904 4521 1069 4589 Ἰθώμη]
1087 4523 1209 4574 Leonum.
1243 4523 1277 4574 Ῑ).

359 4591 472 4659 Ἶρίν]
491 4592 551 4656 ejna.
585 4593 617 4643 B.
905 4601 1052 4668 ’induetad
1073 4601 1218 4652 induentur.
1252 4601 1317 4654 BJ).

362 4671 441 4736 ⁴³²²]
460 4674 503 4721 ⁰¹*-
537 4673 572 4725 Α·
607 4674 662 4724 ²²5¹·
696 4674 727 4724 Β·
906 4687 1167 4760 1ἐἰοιιιίυιῇ(ὶεῐῖῑιε).
1198 4695 1232 4745 A.
1250 4695 1376 4745 demeum.

363 4755 461 4822 ‘cml
480 4755 508 4826 q·
543 4759 581 4810 A.'
612 4761 668 4824 ‘1¹¹²‘-
696 4756 727 4807 Β·
871 4771 937 4826 Β.ῐ).
