3674 5800
591 871 775 923 annocum
797 871 1044 923 ursmarsauu
1296 862 1336 924 81

291 1043 477 1133 inquietum
511 1049 546 1112 et
574 1046 634 1111 vix
664 1043 873 1133 navigabile;
906 1046 1109 1112 diffunditur
1138 1051 1252 1112 autem
1278 1063 1341 1134 ‘per
1354 1051 1509 1105 Oflrelsnd.
1585 1101 1589 1108 .

291 1149 355 1214 (ni.1
394 1147 487 1214 milia
523 1169 678 1234 passuum
715 1149 753 1214 in
789 1148 904 1214 latum.
976 1149 1156 1235 Hucusque
1194 1149 1338 1215 Solinus.

291 1251 379 1316 Gens
402 1251 461 1316 illa
486 1249 613 1317 inculta
638 1255 674 1316 st
704 1251 798 1317 victu
821 1271 931 1337 parca,
965 1251 1076 1316 animo
1111 1273 1207 1330 saeva,
1240 1250 1339 1316 vultu

289 1353 390 1432 ferox,
409 1353 516 1420 affatu
537 1375 660 1440 aspera,
678 1375 757 1440 erga
779 1375 854 1419 suos
876 1352 1029 1432 liberalis,
1054 1353 1204 1433 affabilis,
1228 1358 1263 1419 et
1281 1355 1337 1418 be-

289 1455 393 1542 nigna
413 1461 449 1520 et
470 1455 613 1520 maxime
637 1454 686 1520 illi
706 1456 763 1542 qui
785 1454 941 1521 habitant
961 1453 999 1518 ¹in
1022 1455 1201 1520 montibus.
1250 1455 1338 1521 Gens

289 1555 348 1622 illa
389 1557 504 1644 pomis,
543 1557 729 1643 glandibus,
773 1557 922 1638 nucibus,
964 1557 1127 1634 carnibus,
1165 1557 1339 1623 lacticiniis

289 1663 445 1724 contenta
459 1663 529 1738 est3
551 1681 611 1748 pro
627 1663 709 1746 potu
731 1659 815 1725 laete
831 1663 865 1724 et
880 1680 968 1745 aqua
990 1659 1148 1746 placatur.
1185 1659 1288 1724 Ludis
1303 1664 1338 1724 et

288 1759 481 1826 venationi²
505 1762 618 1848 potius
646 1761 761 1827 dedita
781 1782 881 1848 quam
905 1761 1019 1842 labori,
1044 1769 1084 1828 ut
1110 1763 1337 1848 inposterum

289 1861 418 1947 plenius
441 1863 578 1931 dicetur.
624 1864 676 1930 De
699 1863 822 1930 Wallia
841 1867 876 1930 et
897 1864 939 1930 de
958 1863 1072 1931 Scotia
1093 1869 1208 1952 postea
1229 1863 1338 1930 dicen·

291 1964 450 2031 domest

700 2305 779 2372 Ora
807 2303 928 2370 XOIV.

626 2555 632 2567 .
676 2505 727 2570 Dc
749 2503 950 2572 Britannia.

336 2709 538 2774 Burman
560 2706 682 2774 Oceani
702 2711 753 2774 est
775 2707 883 2774 insula
904 2707 941 2773 in
966 2707 1099 2796 Europa
1121 2731 1180 2797 per
1202 2710 1338 2798 longum
1352 2716 1507 2771 orariola.

290 2811 326 2877 in
341 2811 481 2877 Boream
496 2815 639 2877 extenta
679 2809 793 2876 Habet
807 2811 844 2876 in
863 2811 999 2898 longum
1013 2833 1169 2899 passuum
1191 2813 1283 2879 milia
1305 2819 1340 2880 et

189 2918 193 2926 '
290 2915 458 3001 octoginta
468 2912 491 2994 3³
515 2913 552 2979 in
588 2912 695 2978 latum
725 2910 816 2979 aroc.⁴
861 2914 893 2978 A
924 2919 1027 3002 tergo,
1061 2915 1151 2980 unde
1185 2914 1338 2982 Oceano⁶

290 3015 422 3082 infinito
446 3020 549 3102 patet,
577 3013 721 3081 Orcades
750 3013 852 3080 habet
874 3015 1006 3094 insulas,
1031 3038 1171 3102 quarum
1199 3035 1257 3084 xx
1283 3019 1338 3085 de-

290 3123 384 3185 sertae
421 3121 508 3198 sunt,
544 3131 578 3183 et
618 3133 697 3184 11111.
730 3116 929 3184 incoluntur.
983 3118 1160 3186 Britannia
1196 3142 1339 3207 namque

291 3221 380 3286 inter
425 3219 691 3306 Septentrionem
729 3223 764 3285 et
806 3219 1018 3286 Occidentem
1059 3221 1148 3308 jacet
1189 3225 1340 3310 opposita

292 3323 485 3398 Germanice,
511 3320 635 3400 Gallias,
660 3321 840 3408 Hispaniae,
857 3323 1003 3388 maximo
1026 3323 1209 3390 intervallo.
1256 3325 1339 3392 Haec

290 3425 396 3512 primo
419 3421 571 3489 Albion⁶
599 3423 789 3501 vocabatur,
813 3423 925 3490 forsan
953 3445 1088 3513 propser
1101 3435 1104 3440 ’
1119 3425 1211 3492 albas
1242 3448 1341 3514 rupes

291 3527 434 3592 insulam
456 3525 703 3592 circumdantes.
750 3523 824 3591 Hoc
856 3525 978 3592 Gildas.
1024 3527 1153 3593 Deinde
1183 3551 1203 3592 a
1235 3528 1340 3594 Bruto

293 3629 467 3694 Britannia
489 3628 577 3693 diota
607 3633 666 3708 est,
697 3627 834 3694 tandem
857 3651 878 3693 a
900 3627 1103 3695 Germanicis
1128 3629 1256 3717 ipsam⁷
1282 3631 1341 3696 ob·

291 3731 477 3797 tinentibus
497 3729 621 3816 Anglia
639 3733 688 3794 est
711 3734 838 3795 vocata.
885 3729 946 3796 Est
965 3731 1053 3796 enim
1071 3732 1137 3797 alia
1155 3731 1339 3813 Britannia,

292 3855 366 3920 quae
382 3831 501 3898 -Miuor
525 3834 671 3910 vocatur,
687 3853 785 3919 super
811 3831 979 3898 Oceanum
1003 3833 1241 3920 Aquitanicam
1267 3836 1339 3913 sita,

292 3937 328 4000 in
365 3933 516 4022 partibus
547 3931 742 4014 Galliarum,
765 3955 840 4020 quae
870 3934 948 4000 olim
980 3957 1001 4000 a
1038 3936 1231 4002 Britonibus
1269 3938 1341 4002 Ma-

288 4037 394 4123 jorem
425 4034 637 4101 Britanniam
663 4035 927 4124 relinquentibus
949 4042 1084 4124 propter
1113 4037 1340 4126 inopportuni-

326 4373 475 4440 1σ,τ.]1ἳο.
507 4371 572 4425 RD.
873 4373 962 4440 4πιθα]
978 4379 1034 4427 300.
1067 4375 1101 4426 D.

325 4451 480 4518 ’oermtioass
494 4449 677 4503 Vfflfionlbm·
711 4449 775 4502 RD.
872 4477 1008 4544 soemo]
1022 4477 1055 4528 in.
1068 4493 1153 4544 pmm·
1186 4481 1250 4533 BD·

325 4531 478 4598 ¹oetoyinta]
497 4535 547 4582 800
557 4531 586 4580 in
596 4531 629 4581 D.
641 4530 669 4580 in
682 4529 793 4580 adiffer-

291 4619 335 4664 ent
349 4611 395 4661 inlr
411 4625 445 4662 on
464 4625 496 4662 an
511 4625 610 4661 erasure
626 4609 743 4660 followed
760 4624 793 4661 on
840 4661 846 4674 ,

292 4687 502 4742 determination
521 4689 551 4740 ol
567 4689 623 4742 that
641 4703 740 4742 erasure
758 4690 794 4756 by
839 4677 865 4710 ¹¹¹
877 4676 955 4727 marg·
967 4663 998 4713 B·

293 4767 661 4820 soinsameinkaaoontext.
875 4767 986 4832 ἰ’ρεαιιι]
1000 4781 1063 4817 earn.
1098 4767 1161 4817 al).

381 4863 456 4914 VOL.
474 4863 511 4912 lI.
1187 4861 1207 4908 F

870 4581 1006 4633 ‘Primum
1025 4597 1117 4633 nomon
1137 4591 1209 4636 terrac
1230 4585 1340 4650 Angliae.
