3590 5844
462 927 527 992 336
752 938 935 990 auaosrmr
958 937 1207 990 nrsroaraamr.

296 1137 423 1192 thenis-
506 1115 747 1203 Digrediuutur
772 1137 849 1202 ergo
872 1115 985 1204 legati,
1008 1115 1240 1204 digrediuntur
1261 1136 1353 1203 reges
1375 1119 1411 1180 et
1432 1136 1511 1202 pro-

294 1208 394 1338 ffigff
460 1241 558 1298 aeres,
582 1226 616 1285 ot
638 1221 726 1306 quod
749 1221 795 1284 eis
817 1223 1018 1306 praeoeptum
1043 1218 1161 1299 suerat,
1183 1218 1335 1305 perficere
1358 1239 1424 1282 non
1449 1218 1516 1282 dif-

297 1339 401 1391 Arthur.
461 1323 625 1408 sugerunt

880 1672 960 1740 Car.
985 1671 1095 1738 LXII.

519 1879 651 1946 Lauro
697 1877 875 1944 Hrnnnras
920 1878 1035 1966 agnito
1072 1877 1171 1965 hujus
1210 1877 1356 1966 responsi
1394 1878 1515 1960 edicto,

458 1981 551 2067 jussu
581 1985 715 2048 senatus
746 1981 973 2047 Orientalibus
1004 1981 1112 2047 edixit
1150 1981 1292 2067 regibus,
1325 1987 1365 2046 ut
1397 1987 1516 2068 parato

462 2106 571 2150 secum
594 2085 740 2150 exercitu
765 2084 808 2149 ad
830 2080 1089 2171 subjugandum¹
1117 2083 1328 2150 Britanniam
1354 2085 1515 2150 venirent

464 2186 700 2254 Convenerunt
730 2187 820 2254 ocius
850 2185 1070 2274 Epistrophus
1099 2205 1159 2250 rex
1190 2186 1392 2267 Graeeorurn,
1425 2187 1518 2252 Mus-

462 2295 575 2355 tensar
612 2313 671 2356 rex
710 2289 951 2368 Africanorum,
990 2289 1197 2376 Ahphatima
1233 2311 1293 2354 rex
1332 2288 1516 2377 Hispaniae,

464 2391 623 2459 Hirtaous
638 2415 696 2460 rex
712 2391 919 2470 Parthorum,
937 2392 1057 2458 Bottus
1072 2413 1131 2458 rex
1148 2390 1331 2472 Medorum,
1350 2391 1515 2458 Sertorius

462 2518 521 2561 rex
546 2495 671 2582 Libyae,
689 2495 783 2561 Seres
805 2516 863 2560 rex
886 2493 1374 2572 Ituraeorum,Pandrasus1·ex
1391 2495 1517 2582 AEgyp-

463 2599 499 2674 ti,
532 2597 670 2684 Micipsa
700 2619 758 2662 rex
784 2596 987 2684 Babyloniae,
1020 2596 1203 2662 Politetes⁹
1231 2597 1302 2662 dux
1333 2597 1514 2682 Bithyniae,

465 2699 611 2764 Tlreuser
648 2699 719 2763 dux
750 2699 916 2786 Phrygias,
948 2697 1104 2764 Evander
1134 2699 1202 2764 dux
1240 2699 1358 2786 Syriae,
1390 2700 1517 2765 Echion

464 2801 531 2866 dux
566 2800 705 2882 Boeoiae,
736 2799 881 2889 Ipolitus
911 2800 981 2865 dux
1008 2799 1126 2868 Oratae.
1182 2799 1351 2866 Numerus
1374 2801 1518 2867 Romani

464 2903 626 2968 exereitus
664 2908 779 2968 eontra
809 2902 995 2968 Arthurum
1026 2923 1101 2968 oum
1132 2903 1273 2990 regibus,
1305 2903 1450 2982 ducibus,
1482 2910 1518 2970 et

463 3005 651 3092 proceribus
681 3005 744 3071 sibi
782 3003 937 3083 subditis,
967 3025 1010 3070 ex
1040 3006 1204 3072 senatorio
1242 3026 1372 3092 quoque
1402 3005 1518 3090 ordine

466 3108 593 3187 Lucius,
626 3107 783 3186 (latellus,
818 3105 954 3188 Marius,
986 3106 1161 3194 Leppidus,
1201 3107 1312 3188 Gaius,
1355 3108 1518 3189 Metellus,

465 3209 564 3278 Cotta
585 3211 742 3292 Quintus,
762 3209 923 3292 Milvius,8
939 3209 1079 3276 Catulus
1102 3209 1256 3294 Quintus,
1274 3210 1442 3289 Oarucius,
1465 3215 1519 3278 tot

464 3313 565 3380 etiam
587 3313 645 3380 alii
668 3311 757 3400 quod
781 3313 869 3380 inter
899 3310 1030 3378 totum⁴
1053 3329 1109 3378 xa.
1132 3311 1226 3380 milia
1246 3317 1282 3380 et
1303 3309 1408 3380 xta-⁶
1430 3335 1517 3380 oom-

464 3417 574 3504 putati
597 3417 739 3482 fuerunt.

509 3519 687 3606 Dispositis
709 3519 823 3604 itaque
845 3517 1094 3604 quibuscunque
1117 3519 1315 3601 neeessariis,
1329 3519 1519 3609 incipienti-

464 3621 527 3686 bus
549 3621 700 3686 kalendis
716 3619 861 3706 Augusti
884 3619 948 3685 iter
971 3641 1085 3684 versus
1109 3619 1319 3686 Britanniam
1345 3623 1518 3709 arripiunt.

464 3720 640 3810 Comperto
672 3723 776 3809 igitur
798 3721 946 3787 adventu
978 3723 1123 3810 ipsorum
1148 3722 1318 3788 Arthurus
1343 3725 1519 3790 Mordredo

464 3826 578 3914 nepoti
601 3846 660 3890 suo
681 3830 715 3890 et
736 3821 986 3889 Ganhumatse⁰
1005 3825 1127 3912 regines
1145 3823 1355 3891 Britanniam
1377 3829 1420 3892 ad
1441 3847 1520 3892 oon-

465 3929 663 3993 servandum
694 3925 908 4014 permittens⁷
932 3949 1006 3992 oum
1029 3927 1177 3993 exercitu
1207 3949 1267 3995 suo
1290 3935 1423 4017 portum
1448 3929 1519 3994 Ha-

464 4032 572 4095 monis
610 4031 726 4112 adivit,
758 4029 817 4097 ubi
848 4029 1047 4117 tempestivo
1077 4035 1254 4096 ventorum
1284 4029 1398 4098 afflatu
1429 4055 1519 4097 mare

464 4134 630 4220 ingressus
645 4139 703 4200 est.
750 4133 840 4199 Dum
867 4139 977 4199 autem
1004 4133 1185 4200 innumeris
1215 4133 1357 4200 navibus
1382 4135 1518 4200 eircum-

500 4469 707 4538 ¹subjwssndtffl
727 4473 917 4537 subjugflssdflm·
935 4473 966 4523 B·
1048 4485 1108 4534 ‘ta
1119 4483 1187 4535 milia
1202 4485 1271 4550 ras]
1291 4485 1334 4534 An
1352 4492 1375 4536 et
1390 4487 1437 4538 has
1454 4489 1518 4538 been

464 4555 497 4604 D.
1011 4565 1098 4614 erased
1116 4564 1143 4613 in
1155 4565 1190 4615 A.
1202 4566 1315 4616 between
1332 4565 1401 4615 ther,
1414 4569 1463 4617 and
1475 4567 1519 4618 the

497 4655 643 4722 2ΡοΙίιιείεει]
668 4655 800 4706 Politeees.
834 4655 899 4706 B.D.
1013 4662 1033 4692 e.
1052 4647 1154 4706 49‚¹00·
1187 4643 1219 4694 B·
1254 4650 1316 4694 ⁴⁰⁰¹·
1335 4650 1391 4694 9⁰0.
1426 4645 1459 4695 Ι).

498 4760 637 4828 'Milviud
656 4761 771 4811 Milium.
806 4760 871 4811 ab.
1042 4747 1241 4816 maalmam]
1261 4749 1516 4801 Garumnam).

498 4853 678 4920 ‘intertum
697 4851 724 4905 in
739 4859 799 4904 toto.
832 4853 866 4904 D.
1044 4855 1214 4924 'permittam
1233 4854 1483 4908 sempiternalis).
