3656 5800
634 901 818 960 nonooruu
841 902 1092 958 nrsroarsnou
1325 889 1392 964 237

338 1097 438 1164 quam
469 1075 612 1166 pluries¹
644 1077 769 1150 talibus
801 1077 946 1146 consiliis
974 1078 1109 1165 juvenis
1135 1079 1284 1146 animum
1306 1081 1393 1146 exci-

336 1183 457 1261 tarent,
480 1181 624 1248 consiliis
658 1201 770 1248 eorum
802 1181 975 1267 adquievit
1003 1181 1037 1246 N
1039 1182 1217 1270 orwegiam
1240 1183 1392 1262 odiendo,

336 1281 544 1348 voluntatem
569 1305 663 1349 suam
689 1283 854 1370 integram
882 1283 923 1350 de
952 1305 1055 1372 regno
1085 1306 1144 1352 suo
1169 1306 1228 1372 per
1254 1285 1391 1352 fratrem

336 1404 433 1449 suum
470 1384 628 1470 injuniose
666 1385 841 1452 detentum
882 1387 1136 1473 conquerendo;
1173 1389 1392 1475 promisitque

336 1485 440 1551 filiam
471 1487 558 1574 regis
589 1489 747 1554 maritare
785 1487 813 1554 si
851 1488 916 1554 sibi
954 1489 1118 1554 auxilium
1156 1490 1312 1576 dirigeret
1348 1491 1392 1556 ad

336 1609 474 1674 regnum
519 1611 616 1656 sunm
662 1590 930 1678 recuperandum.
1008 1591 1106 1673 Quod
1147 1592 1285 1658 audiens
1331 1613 1391 1658 rex

337 1690 524 1778 Norwegiae
558 1714 688 1762 omnem
722 1697 890 1760 armatum
925 1692 1018 1762 suae²
1040 1694 1105 1762 sibi
1139 1694 1334 1784 promiserat
1356 1699 1391 1762 et

337 1792 555 1880 adimplevit.⁸

381 1895 509 1983 Belyno
535 1895 618 1962 talia
641 1895 805 1977 audiente,
834 1897 922 1984 quod
952 1898 1036 1966 talia
1065 1898 1136 1964 sine
1165 1920 1225 1964 suo
1254 1900 1390 1966 oonsilio

335 2001 370 2063 et
390 1997 526 2064 lieentia
547 1999 731 2086 peregisset,
748 2000 837 2065 ultra
854 2001 989 2066 modum
1010 2001 1117 2071 iratus
1139 2005 1246 2068 terras
1265 2001 1391 2068 Brenni

335 2105 370 2165 et
415 2101 536 2188 oppida
572 2101 739 2167 destruere
777 2107 813 2168 et
850 2101 985 2170 oastella
1023 2103 1162 2172 obruere
1206 2105 1389 2192 satagebat.

336 2203 438 2269 Porro
472 2201 639 2270 Brennio⁴
660 2204 777 2270 andito
799 2226 875 2290 quae
897 2210 973 2272 nota
993 2205 1127 2275 fuerant
1150 2228 1171 2272 a
1192 2206 1296 2272 fratre
1319 2229 1389 2286 suo,

335 2310 451 2393 parato
491 2305 635 2394 navigio,
678 2327 834 2394 magnam
875 2308 1003 2395 copiam
1041 2307 1075 2372 N
1077 2309 1317 2395 orwegeusium
1352 2309 1389 2376 in

335 2429 457 2495 magna
479 2407 602 2474 classi⁵
628 2409 767 2474 navium
790 2430 900 2474 seeum
929 2410 965 2475 in
996 2409 1209 2476 Britanniam
1240 2411 1389 2480 adduxit.

336 2509 413 2597 Ipso
434 2531 566 2596 aequora
587 2511 734 2578 suloante
757 2515 792 2577 et
812 2532 968 2598 prospero
990 2516 1091 2579 vento
1113 2511 1217 2579 flante
1239 2512 1390 2580 obviavit

215 2685 219 2700 Ι
336 2613 366 2677 ei
399 2611 605 2679 Gwithlaous
635 2634 697 2680 rex
731 2612 897 2678 Daoolum
929 2635 1004 2680 eum
1042 2614 1144 2680 classe
1177 2637 1246 2680 non
1277 2638 1388 2702 parva.

336 2715 550 2781 AEstuaverat
580 2715 669 2780 enim
696 2737 805 2782 amore
827 2715 947 2802 puellae
970 2737 1069 2803 quam
1092 2715 1282 2782 Brennius⁶
1305 2718 1388 2783 dux-

335 2821 407 2882 erat
440 2817 539 2903 longo
573 2821 720 2904 tempore
757 2818 845 2883 inter
882 2818 990 2904 ipsum
1033 2824 1068 2885 et
1101 2817 1244 2905 puellam
1278 2821 1388 2888 taeite.

337 2919 461 2984 Navali
495 2919 601 3006 igitur
630 2919 716 2985 bello
746 2919 794 2985 sio
816 2919 903 2986 faoto
925 2941 1046 2986 navem
1069 2919 1176 3008 oepit⁷
1199 2921 1331 2988 fortiter
1352 2913 1393 2986 in¹

339 3018 426 3107 qua⁸
447 3021 596 3108 predicta
621 3020 732 3108 puella
761 3021 835 3102 fuit,
858 3021 953 3087 nucis
983 3021 1075 3087 illam
1108 3023 1195 3088 inter
1225 3024 1389 3090 consocios

337 3145 413 3189 snos
435 3123 585 3189 attraxit.
627 3123 701 3188 Illis
723 3128 835 3188 autem
852 3123 888 3188 in
908 3123 1072 3210 profundo
1092 3125 1388 3210 congredientibus,

335 3230 438 3290 ruunt
475 3247 518 3291 ex
554 3225 734 3313 improviso
771 3225 901 3290 adversi
939 3225 1042 3304 venti,
1073 3224 1223 3311 factoque
1254 3226 1388 3292 turbine

334 3349 436 3392 naves
477 3324 668 3414 dissipant,⁰
696 3327 870 3413 dissipatas
900 3347 982 3392 varo
1018 3326 1056 3392 in
1093 3325 1259 3394 diversa1⁰
1289 3327 1389 3396 litora

335 3429 546 3516 compellunt.

381 3530 454 3597 Rex
476 3531 582 3618 igitur
604 3530 717 3597 Daeiae
735 3529 770 3596 vi
793 3535 970 3596 ventorum
993 3529 1180 3616 compulsus
1203 3537 1334 3618 peraeto
1355 3551 1387 3600 v.

335 3633 464 3699 dierum
487 3634 593 3720 spatio
608 3633 645 3697 in
660 3632 937 3699 Northumbriam
957 3655 1031 3698 oum
1055 3631 1204 3698 timore¹¹
1229 3635 1390 3722 applicuit

261 3767 265 3775 ·
335 3756 409 3801 oum
431 3735 550 3821 puella,
576 3735 705 3800 nescius
727 3756 826 3820 quam
860 3739 989 3822 partem
1023 3735 1238 3822 inopinabilis
1268 3745 1389 3804 ventus

247 3911 251 3916 ¹
336 3836 519 3922 optulisset.
565 3835 829 3924 Expectantibus
867 3836 1030 3902 Brenni¹2
1067 3837 1252 3906 adventum
1281 3846 1389 3906 eusto-

335 3937 433 4005 dibus
454 3959 551 4027 super
573 3938 775 4005 maritimam
795 3939 870 4006 illos
890 3939 1008 4008 Belino
1030 3941 1285 4030 praesentabant.
1331 3943 1389 4009 In·

367 4337 492 4405 ¹le'w]
510 4339 602 4403 plum·
635 4337 700 4390 BD·
916 4337 1012 4405 ἐφίῑ]
1031 4338 1188 4405 impugnare.
1217 4341 1274 4394 add.
1310 4341 1377 4394 B.D.

366 4431 451 4496 Ἤρ]
469 4437 551 4482 terrae.
585 4430 656 4482 adu·
677 4429 742 4482 BJ).
915 4419 997 4485 Ἢ]
1016 4434 1065 4469 om.
1099 4417 1131 4471 D.

366 4521 538 4588 'adimplevitJ
556 4523 676 4588 implevit.
712 4523 776 4574 nl).
915 4509 1069 4576 'disobnnfl
1088 4511 1246 4576 dissipentur.
1280 4513 1311 4564 B.

366 4614 511 4680 4Βνενυιίο]
529 4613 664 4668 Brennius.
697 4615 762 4665 BJ).
916 4600 1055 4668 '‘diver-so]
1073 4601 1181 4655 diverso
1219 4605 1252 4656 D.

366 4705 476 4772 ⁵clapsi]
495 4707 581 4758 elme,
616 4707 647 4758 Β,
914 4693 995 4742 ”rum
1011 4693 1106 4760 tinore]
1125 4709 1174 4744 om.
1209 4695 1274 4746 RD.

364 4798 524 4866 'Ba-ennius]
544 4797 686 4850 Briennius.
720 4798 752 4848 Β.
914 4783 1054 4850 ¹¹Brenm]
1072 4783 1186 4836 Brenntt.
1220 4787 1283 4836 BJ).
1331 4801 1333 4805 ·
