3590 5844
299 1035 406 1086 smil.

301 1997 334 2040 de
346 1943 443 2040 liiigcii

305 4325 352 4371 His
360 4323 437 4367 death.

307 4375 412 4422 mitid·

475 829 541 898 368
773 845 957 898 nuuocnns
979 845 1231 898 sismuunuu.

469 1027 600 1080 venerunt
623 1025 711 1080 sulute
735 1029 835 1080 eterne
858 1025 1052 1098 supplicentes.
1090 1023 1217 1095 Cumque
1236 1024 1271 1080 sd
1289 1024 1442 1096 jussionem
1455 1022 1529 1097 regis

469 1107 616 1166 residentes
640 1109 805 1165 Verbumei
830 1109 902 1164 Vitae
928 1125 986 1164 uns
1016 1125 1080 1164 cum
1099 1108 1228 1166 omnibus
1253 1109 1301 1182 qui
1331 1109 1444 1164 sumt
1467 1110 1528 1179 ejus

468 1191 614 1249 comitibus
643 1193 829 1265 praedicerent,
862 1193 1010 1264 respondet
1039 1193 1085 1248 ille
1116 1193 1225 1250 dicens:
1264 1191 1382 1248 Pulchre
1411 1193 1527 1266 quidem

468 1281 534 1332 sunt
556 1276 639 1332 verbe
661 1283 689 1332 et
717 1277 852 1349 promisse
875 1293 936 1350 quse
966 1277 1077 1333 effertis.
1121 1278 1160 1332 At
1184 1277 1224 1332 illi
1254 1281 1349 1348 postes
1378 1278 1527 1350 spprcpin-

467 1365 583 1432 quantes
601 1361 703 1416 civitati
717 1361 872 1416 Dentrssriae
889 1378 965 1416 more
983 1378 1034 1416 suo
1053 1378 1118 1416 cum
1132 1359 1221 1416 (lrucs
1240 1359 1344 1415 Ssncts
1361 1365 1388 1416 ct
1407 1361 1527 1432 imagine

468 1443 565 1514 Magni
590 1443 672 1516 Regis
692 1445 803 1500 Domini
828 1445 915 1500 nostri
940 1443 1008 1500 Jesu
1029 1443 1140 1510 Christi,
1161 1445 1232 1500 hunc
1256 1445 1384 1500 leteninm
1403 1463 1526 1500 consone

466 1547 532 1586 voce
553 1528 748 1586 modulentur:
787 1529 972 1602 Deprecsmur
991 1535 1028 1596 te,
1048 1529 1177 1594 Domine,
1196 1529 1227 1584 in
1244 1529 1321 1584 omni
1339 1529 1524 1588 misericordis
1590 1547 1593 1552 ’

466 1618 518 1668 tus
528 1618 561 1669 ut
578 1613 716 1670 suferetur
727 1613 803 1669 furor
820 1617 887 1670 tuus
905 1619 932 1668 ct
951 1613 991 1668 irs
1007 1619 1058 1668 tue
1075 1631 1092 1668 s
1109 1613 1217 1668 civitste
1235 1619 1263 1669 et
1282 1612 1316 1668 de
1334 1612 1417 1670 domo
1430 1619 1525 1669 sencio

467 1701 525 1764 tus,
549 1699 679 1770 quonism
702 1697 894 1770 peccavimus:
915 1697 1040 1753 Alleluie„
1077 1697 1115 1752 ut
1137 1697 1194 1768 ipse
1217 1715 1263 1753 rex
1288 1697 1358 1752 iuter
1387 1698 1454 1752 elios
1479 1697 1526 1753 de·

467 1781 582 1838 lectstus
611 1782 669 1838 vite
701 1781 887 1838 mundissime
916 1781 1081 1837 Ssnctomm
1110 1786 1138 1838 et
1167 1782 1308 1854 promissis
1337 1799 1432 1837 eorum
1462 1800 1525 1838 sus·

468 1865 595 1932 vissimis,
616 1884 678 1939 quse
702 1885 764 1922 vers
781 1883 839 1921 esse
858 1866 1053 1921 miraculorum
1072 1883 1183 1938 quoque
1200 1866 1351 1920 multorum
1369 1865 1525 1922 ostensione

471 1948 651 2015 firmaverunt,
672 1949 783 2006 credens
806 1967 871 2006 cum
893 1949 989 2006 multis
1012 1949 1072 2005 eliis
1090 1949 1246 2020 bsptisutus
1273 1955 1324 2016 est,
1344 1967 1394 2005 nec
1418 1948 1526 2006 distulit

469 2052 515 2090 rex
534 2035 602 2107 quin
626 2035 707 2090 etism
730 2034 796 2106 ipsis
818 2033 975 2090 doctoribus
999 2033 1093 2088 locum
1116 2033 1189 2088 sedis
1206 2051 1303 2088 eorum
1320 2051 1475 2104 congruum
1493 2035 1523 2092 in

470 2119 648 2184 Dorobernis‚
667 2118 762 2184 idest,
783 2117 939 2182 Csntrsurie,
952 2117 1095 2189 metropoli
1113 2135 1165 2174 sus
1183 2115 1298 2173 donsret
1318 2127 1346 2172 et
1365 2119 1526 2173 necessarius

474 2203 503 2258 in
529 2202 642 2258 diversis
661 2201 800 2274 speciebus
821 2202 1005 2274 possessiones
1030 2201 1171 2268 conferret,
1192 2201 1284 2274 sicque
1304 2203 1409 2272 primus
1430 2219 1526 2256 eorum

470 2285 686 2359 srchiepiscopus
704 2287 794 2342 isonis
805 2291 854 2352 est,
873 2285 1005 2352 videlicet,
1019 2283 1241 2352 Cuntusriensis;
1260 2286 1351 2340 lueret
1363 2286 1436 2341 enim
1450 2285 1526 2342 sedes

470 2371 628 2442 metropolis
646 2371 721 2443 prius
747 2371 777 2426 in
806 2370 913 2427 civitsts
945 2368 1160 2426 Londoniuum.
1202 2369 1258 2426 lste
1275 2368 1449 2425 Aldelbertus
1479 2388 1525 2425 rex

472 2453 693 2511 Csutusriterum
717 2461 780 2528 post
798 2471 914 2526 regnum
932 2453 1080 2526 temporeis
1104 2452 1181 2528 quod
1203 2454 1408 2510 xxxv1.snnis
1427 2454 1526 2525 glorio-

471 2539 575 2594 sissime
604 2544 728 2594 tenuerat
751 2545 852 2594 aetems
880 2538 994 2594 coelestis
1024 2539 1101 2610 regni
1131 2537 1233 2610 gaudis
1263 2537 1355 2604 subiit,
1389 2555 1462 2592 enno
1492 2537 1526 2592 sb

473 2621 662 2678 incarnatione
687 2621 801 2678 Domini
824 2639 946 2687 nexui„
965 2622 1013 2694 qui
1032 2629 1074 2678 est
1092 2639 1183 2678 sunus
1203 2639 1270 2678 xxi.
1290 2641 1322 2677 ex
1342 2639 1398 2694 quo
1416 2623 1527 2693 Augus·

471 2705 547 2760 tinus
576 2723 640 2760 cunr
663 2706 742 2760 sociis
767 2705 803 2760 sd
832 2705 1037 2778 predicendum
1067 2707 1143 2777 genti
1167 2707 1322 2777 Anglorum
1353 2707 1453 2761 missus
1477 2714 1526 2761 est.

473 2788 526 2844 Cui
548 2788 677 2844 successit
700 2787 843 2844 Edlrsldus
865 2787 940 2844 illius
963 2789 1022 2860 ejus
1046 2789 1076 2844 in
1098 2808 1183 2862 regno
1209 2789 1375 2855 Cuntusriae,
1399 2792 1447 2863 qui
1471 2809 1528 2846 non

472 2874 562 2928 solum
575 2871 677 2928 Christi
688 2872 772 2928 fidem
789 2871 924 2944 suscipere
941 2873 1031 2929 noluit
1049 2873 1096 2928 sed
1113 2880 1141 2929 et
1159 2873 1235 2930 eliud
1252 2874 1340 2929 scelus
1358 2875 1527 2946 perpetravit,

472 2964 506 3014 ut
524 2975 637 3013 uxorem
658 2957 744 3029 petiis
767 2956 885 3022 heberet,
906 2963 933 3012 et
952 2963 1071 3031 utroque
1091 2959 1188 3014 scelere
1211 2958 1380 3014 occisionem
1398 2957 1473 3014 dedit
1493 2958 1528 3013 sd

473 3043 588 3115 priorem
607 3042 743 3096 vomitum
760 3039 911 3097 revertendi
930 3039 974 3096 his
992 3043 1039 3114 qui
1058 3041 1110 3097 sub
1129 3041 1242 3113 imperio
1261 3042 1380 3113 parentis
1400 3043 1443 3097 sui
1465 3041 1528 3097 fidei

473 3133 501 3182 et
520 3125 687 3182 cestimoniae
707 3126 772 3196 jure
792 3131 984 3197 susceperunt3
1005 3143 1056 3180 nec
1077 3143 1203 3198 superne
1222 3125 1329 3198 flogells
1352 3124 1529 3182 districtionis

474 3209 578 3284 perfido
596 3211 653 3282 regi
673 3207 834 3282 custigundo
854 3215 882 3264 et
906 3209 1066 3280 corrigendo
1086 3209 1202 3276 detinere,
1222 3227 1287 3264 nsm
1311 3209 1405 3265 crebre
1429 3212 1529 3266 mentis

474 3295 584 3351 vesanis
595 3301 622 3349 et
633 3295 745 3366 spiritus
756 3292 892 3348 immundi
910 3291 1049 3348 invnsione
1067 3293 1247 3365 premebatur,
1260 3293 1412 3350 secundum
1424 3293 1530 3349 Bedem

475 3379 508 3434 de
533 3379 623 3434 Gestis
642 3379 797 3448 Anglorum
820 3377 849 3431 li.
863 3393 898 3433 n.
917 3395 976 3448 csp.
992 3377 1009 3430 5
1023 3381 1050 3432 et
1069 3375 1094 3432 6.
1140 3375 1196 3432 Iste
1220 3375 1360 3432 Esbuldus
1378 3376 1415 3431 sd
1432 3377 1531 3449 praedi-

475 3463 610 3518 ostionem
641 3462 734 3516 Sancti
766 3461 905 3516 laurentii
925 3459 1132 3516 centuariensis
1151 3459 1348 3533 archiepiscopi
1372 3461 1530 3517 enethenss-

474 3549 583 3612 tizntus,
601 3545 713 3600 tsndem
744 3545 820 3600 omni
850 3543 982 3600 idoletriae
1005 3545 1084 3599 cultu
1110 3543 1236 3599 sbdiceto
1265 3551 1293 3600 ct
1310 3545 1448 3600 connubio
1472 3563 1530 3600 non

473 3631 596 3702 legitimo
619 3635 718 3702 spreto,
742 3629 862 3701 suscepit
885 3627 969 3684 fidem
991 3627 1094 3684 Christi
1112 3635 1140 3684 et
1163 3627 1326 3700 baptizatus,
1339 3629 1368 3682 in
1392 3635 1530 3702 quantum

474 3715 561 3770 veluit
583 3715 612 3768 in
642 3713 770 3768 omnibus
799 3711 918 3768 ecclesie
947 3712 1086 3767 consulere
1115 3730 1147 3767 sc
1176 3713 1264 3768 fovere
1293 3713 1407 3768 cursvit.
1463 3714 1530 3769 Non

474 3799 547 3854 euim
570 3803 648 3854 tento
678 3797 701 3852 ei
728 3802 785 3851 ernt
809 3801 914 3869 qucnts
938 3796 1008 3868 putri
1033 3795 1120 3866 ipsius
1143 3797 1201 3868 regi
1222 3796 1317 3868 pietus,
1342 3803 1531 3853 verumtamen

474 3885 531 3954 ipse
555 3899 618 3938 cum
642 3886 794 3952 surgente
817 3899 850 3936 ex
874 3898 930 3952 quo
954 3879 989 3934 sd
1014 3879 1166 3935 Dominum
1190 3897 1336 3936 conversus
1357 3887 1399 3936 est
1423 3881 1531 3938 Divinis

475 3965 582 4022 studuit
605 3966 759 4038 msucipsre
782 3964 932 4037 praeceptis.
982 3963 1109 4037 Denique
1132 3964 1161 4019 in
1185 3966 1351 4021 monasterio
1375 3965 1530 4022 Bestissimi

475 4051 669 4120 Apostolorum
697 4050 828 4122 principis
858 4047 997 4104 ecclesium
1029 4047 1137 4103 Senctae
1175 4047 1255 4121 De[i]
1287 4049 1432 4105 Genitricis
1456 4051 1529 4114 fecit,

476 4149 560 4205 quem
578 4135 743 4190 consecravit
762 4132 978 4204 srchiepiscopns
997 4131 1130 4188 Mellitus.
1168 4131 1223 4187 lste
1241 4133 1436 4188 monesterium
1452 4139 1531 4188 extro

475 4233 569 4272 muros
594 4215 750 4272 cantuarie
773 4215 848 4289 quod
873 4221 950 4288 puter
970 4214 1028 4286 ejus
1052 4215 1217 4271 iirndsverst
1240 4215 1396 4286 ingentibus
1419 4217 1530 4287 praediis

475 4306 502 4355 et
525 4300 699 4371 emplissimis
721 4299 841 4355 donariis
859 4299 1013 4354 illustravit.
1052 4297 1106 4353 liic
1127 4297 1195 4353 obiit
1215 4317 1290 4354 enno
1311 4301 1464 4356 Dominicae
1483 4300 1530 4355 ln-

474 4383 639 4440 cernutionis
664 4399 774 4447 nexu.;
793 4383 837 4438 cui
860 4387 923 4454 post
944 4399 1019 4436 xxv.
1041 4399 1128 4437 nonos
1147 4385 1223 4454 regni
1246 4383 1289 4438 sui
1313 4383 1442 4439 defuncto
1466 4403 1530 4441 suc-

308 4483 463 4529 summunt.
475 4468 555 4524 cessit
584 4467 658 4522 filius
690 4467 747 4538 ejus
778 4463 970 4520 Ercombertus
999 4483 1056 4530 rex,
1074 4466 1227 4521 secundum
1253 4465 1356 4522 Bedum
1376 4469 1403 4523 li.
1416 4469 1442 4534 3,
1464 4487 1488 4524 e.
1502 4469 1528 4531 7,

477 4553 532 4608 Ηίο
562 4552 666 4624 primus
697 4568 795 4622 regum
819 4549 975 4619 lngiorem
999 4549 1027 4602 in
1048 4555 1109 4604 toto
1133 4567 1218 4621 regno
1242 4569 1293 4606 suo
1317 4551 1392 4605 idolu
1410 4553 1528 4625 relinqui

475 4654 506 4692 sc
527 4635 630 4692 destrui
645 4635 727 4690 simul
745 4639 772 4690 et
792 4631 928 4705 jejunium
947 4648 994 4688 nn.
1015 4631 1119 4688 dierum
1139 4633 1274 4690 obsenrsri
1295 4635 1435 4706 principali
1464 4655 1528 4691 suc-

474 4721 584 4776 turitste
607 4720 824 4792 precepitque
848 4735 882 4772 ne
905 4715 983 4772 fscile
1004 4735 1020 4772 s
1044 4735 1185 4790 quoquam
1209 4718 1316 4794 possint
1340 4721 1477 4774 contemni
1498 4721 1527 4776 in
