3590 5844
573 918 757 970 abacorum
779 917 1029 968 ursroamauu.
1255 907 1319 970 325

271 1097 375 1182 ipsam
405 1095 622 1162 festivitatem
667 1116 844 1162 convocare
874 1100 914 1160 ut
952 1093 1044 1158 illam
1085 1094 1320 1159 venerabiliter
1336 1099 1391 1151 The
1403 1100 1462 1150 Hie

270 1197 448 1264 celebraret
470 1203 505 1266 et
527 1199 615 1264 inter
649 1221 795 1286 proceres
830 1219 906 1263 suos
937 1195 1071 1264 firmam·
1091 1219 1205 1283 pacem
1226 1219 1322 1262 reno·
1336 1165 1434 1296 {gfff

275 1305 379 1364 varess·
1337 1299 1442 1352 Arlhur.

318 1401 468 1467 indicato
497 1407 610 1468 autem
639 1401 856 1467 familiaribus
884 1403 952 1467 suis
984 1402 1072 1488 quod
1095 1401 1317 1478 affectaverat,

271 1503 443 1570 consilium
466 1505 553 1591 oepit
575 1510 615 1570 ut
639 1505 675 1568 in
699 1504 792 1569 Urbe
817 1503 998 1591 Legionum
1021 1527 1120 1569 suum
1144 1526 1320 1590 exequere·

272 1609 329 1670 tur
366 1607 581 1693 propositum.
630 1605 673 1670 ln
712 1605 1032 1693 Glammorgannia¹
1074 1629 1171 1694 super
1203 1607 1321 1672 Oscum

272 1707 420 1788 fluvium,
437 1731 504 1774 non
526 1709 622 1796 longe
644 1731 665 1773 a
679 1709 819 1774 Sabrino
843 1709 943 1788 Mare,
960 1731 1092 1774 amoeno
1115 1711 1184 1774 situ
1207 1710 1322 1786 locata,

272 1831 340 1896 pne
370 1812 498 1876 caeteris
536 1811 729 1876 civitatibus
760 1811 956 1878 divitiarum
998 1812 1100 1898 copiis
1137 1811 1323 1893 abundans,

273 1916 379 1977 tantae
402 1912 604 1978 solemnitati
626 1918 705 2000 apta
727 1917 807 1979 erat.

319 2013 373 2078 Ex
395 2037 463 2079 una
485 2016 573 2080 enim
596 2025 689 2102 parte
711 2015 909 2102 praedictum
931 2015 1043 2082 nobile
1073 2015 1199 2082 flumen
1224 2019 1327 2102 juxta

274 2137 346 2180 eam
375 2116 510 2195 fluebat,
541 2140 599 2204 per
626 2117 715 2203 quod
745 2119 959 2182 transmarini
988 2139 1081 2204 reges
1104 2122 1138 2182 et
1165 2119 1328 2204 principes

275 2219 334 2304 qui
364 2220 498 2284 venturi
528 2225 623 2285 erant
652 2221 786 2307 navigio
816 2220 937 2285 advehi
968 2225 1128 2307 poterent.
1175 2220 1229 2283 Ex
1263 2221 1329 2284 alia

275 2343 353 2386 vero
384 2325 477 2408 parte
507 2323 610 2408 pratis
640 2321 764 2407 alque²
786 2323 977 2388 nemoribus
1007 2321 1133 2386 vallata
1163 2321 1329 2408 regalibus

274 2423 489 2509 praepollebat
522 2425 664 2510 palatiis,
696 2425 747 2489 ita
777 2429 817 2489 ut
847 2425 955 2490 aureis
992 2429 1157 2489 tectorum
1187 2424 1330 2510 fastigiis

277 2526 415 2590 Romam
438 2527 634 2592 imitaretur.
680 2526 820 2592 Duabus
843 2533 956 2592 autem
987 2527 1155 2591 eminebat
1177 2527 1328 2605 ecclesiis,

275 2649 415 2713 quarum
440 2651 508 2692 una
537 2629 574 2693 in
605 2629 728 2693 honore
754 2628 840 2694 Julii
866 2629 1026 2714 Martyris
1050 2633 1158 2693 erecta
1180 2629 1330 2714 virgineo

274 2729 482 2795 dicatarum³
506 2731 605 2796 choro
636 2731 830 2818 perpulchre
860 2731 1067 2810 ornabatur;
1090 2729 1173 2793 alia⁴
1195 2729 1331 2814 quidem

275 2831 310 2896 in
341 2834 439 2898 Beati
469 2832 582 2898 Aaron
611 2833 760 2920 ejusdem
790 2834 869 2900 socii
899 2834 1032 2898 nomine
1063 2833 1205 2902 fundata
1235 2852 1331 2897 cano·

274 2934 423 3000 nieorum
461 2941 628 3002 conventu
674 2937 818 3002 subnixa
832 2934 859 3016 3⁶
904 2937 1005 3002 tertia
1042 2934 1332 3021 metropolitanam

276 3035 386 3100 sedem
417 3036 602 3103 Britanniae
632 3038 786 3114 habebat,
810 3037 868 3122 qui
898 3037 1100 3102 astronomia
1130 3041 1231 3120 atque
1257 3037 1332 3100 aliis

276 3137 404 3202 artibus
435 3137 588 3204 erudita⁰
622 3161 737 3204 cursus
772 3139 941 3202 stellarum
975 3138 1151 3222 diligenter
1181 3137 1332 3202 observa-

276 3239 361 3304 bant
395 3243 430 3306 et
462 3241 614 3327 prodigia
647 3262 685 3306 eo
716 3244 864 3326 tempore
902 3245 1047 3304 ventura
1079 3239 1149 3325 regi
1181 3239 1331 3304 Arthuro

278 3341 364 3406 veris
390 3344 594 3429 argumentis
626 3341 859 3430 praedicebant.
910 3341 975 3406 'l'ot
1004 3341 1109 3427 igitur
1139 3340 1331 3406 deliciarum

277 3444 378 3530 copiis
400 3445 557 3531 praeclara
578 3445 757 3510 festivitati
778 3444 896 3510 edictae
919 3443 1114 3530 disponitur.

324 3546 433 3612 Missis
465 3547 583 3614 deinde
615 3571 673 3635 per
705 3546 836 3612 diversa
861 3567 964 3632 regna
992 3546 1111 3632 legatis
1143 3545 1332 3610 invitantur

279 3653 348 3713 tam
379 3671 422 3714 ex
453 3649 569 3715 Galliis
596 3672 696 3735 quam
722 3671 764 3714 ex
794 3646 1038 3714 collateralibus
1068 3647 1185 3712 insulis
1209 3647 1332 3713 Oceani

278 3751 337 3836 qui
366 3751 409 3816 ad
440 3752 562 3817 curiam
586 3752 700 3818 venire
728 3749 893 3816 deberent.
940 3749 1113 3816 Venerunt
1135 3748 1235 3836 ergo⁷
1260 3749 1331 3814 An-

278 3853 412 3939 guselus
433 3875 494 3919 rex
516 3854 677 3932 Albaniae,
695 3876 770 3940 quae
794 3875 882 3918 nunc
906 3852 1020 3918 Scocia
1035 3852 1165 3931 dicitur,
1183 3851 1332 3917 Urianus

278 3975 338 4019 rex
355 3953 601 4034 Muresensium‚
618 3955 785 4023 Oadwallo
800 3977 862 4020 rex
877 3954 1131 4032 venenosorum,
1149 3952 1229 4040 qui⁸
1243 3977 1332 4020 nunc

279 4055 533 4144 Norgwalenses
562 4059 743 4137 dicuntur3
781 4055 920 4124 Scatcr⁹
949 4079 1010 4122 rex
1040 4058 1263 4136 Demetorum,
1297 4056 1332 4122 id

279 4163 338 4239 est,
379 4159 683 4250 Suthgualensium,
724 4159 834 4227 Oador
869 4182 930 4226 rex
943 4158 968 4197 ¹⁰
992 4159 1170 4227 Cornubiae
1182 4183 1191 4240 ;
1228 4159 1332 4223 trium

315 4447 561 4519 'Glomaorponnio]
576 4453 783 4520 Glamorlgancla
864 4460 1004 4528 ⁵ssclrru‘xo]
1024 4471 1083 4514 erat.
1096 4479 1181 4528 praem.
1216 4466 1248 4516 D.

282 4529 381 4580 etenim
392 4532 423 4580 B.
442 4531 730 4584 Glamoricanciaenim.
747 4533 781 4583 D.
861 4539 992 4606 “erudita]
1012 4543 1110 4593 eruditi.
1145 4544 1210 4595 BD.

314 4604 419 4674 ²tuque]
440 4619 472 4660 et.
506 4612 537 4662 B.
865 4620 951 4686 ἐι-ρο]
971 4636 1019 4672 om.
1055 4621 1088 4672 D.

314 4687 784 4756 ¹dieaaram]Deodieats1-umpuel-
864 4699 941 4764 'quil
962 4707 990 4776 q.
1023 4699 1059 4750 Α.

281 4767 369 4817 larum.
403 4768 469 4820 BD.
866 4777 988 4844 ⁹Soaur]
1009 4779 1121 4830 Seathcr.
1139 4781 1169 4830 B.
1189 4780 1285 4832 Satber.
1299 4773 1331 4831 D.

316 4845 402 4912 4αΙία]
422 4847 473 4898 alii.
507 4849 538 4898 B.
866 4857 951 4922 Μαι]
972 4859 1031 4906 dux.
1067 4857 1099 4908 D.
