3674 5800
618 899 803 953 nunocrmr
825 899 1075 952 meror-mauu.
1325 882 1369 956 73

319 1111 520 1170 numerosus,
553 1089 713 1176 elegantis
747 1092 893 1170 stetmae,
926 1087 1022 1154 fortis
1044 1109 1187 1175 corpore,
1216 1089 1371 1154 constans
1383 1107 1500 1160 or'rhu-

319 1201 437 1274 mente,
460 1197 584 1258 terram
605 1193 730 1260 habens
760 1191 828 1258 fere
860 1191 1030 1256 montibus
1062 1191 1306 1270 circumdatam,
1334 1175 1470 1256 ,tregia

318 1296 458 1361 interius
491 1293 624 1382 planam
656 1298 691 1360 et
720 1292 922 1380 frugiferam,
953 1297 988 1358 et
1010 1291 1119 1357 vineis
1141 1291 1368 1374 fructiferam

320 1397 442 1485 oppida
472 1395 589 1478 multe,
625 1400 733 1462 castra
756 1394 868 1476 fortia,
900 1415 969 1460 non
991 1395 1100 1460 solum
1129 1394 1165 1460 in
1187 1394 1368 1475 montibns,

319 1503 375 1570 sed
397 1500 451 1568 et¹
475 1501 512 1567 in
534 1500 650 1589 planis.
696 1501 824 1579 Amnis,
859 1501 995 1586 stagnis,
1025 1500 1170 1580 lacubus,
1201 1500 1368 1581 armentis,

318 1604 471 1692 gregibus
486 1602 584 1669 valde
605 1603 711 1690 plena
743 1602 787 1667 In
807 1601 879 1688 ejus
899 1601 1069 1667 montibus
1087 1602 1218 1668 diversa
1240 1601 1370 1666 inveni·

319 1712 422 1773 untur
455 1705 628 1771 mineralia
651 1711 687 1771 et
720 1703 863 1781 metallo,
887 1707 928 1768 ut
954 1703 1045 1770 canit
1076 1703 1275 1784 Herodotus,
1312 1703 1370 1790 qui

318 1814 442 1874 secreta
481 1805 624 1874 confinia
665 1805 852 1874 Germaniae
893 1805 1086 1872 nullatenus
1124 1806 1275 1894 permisit
1319 1805 1370 1871 in-

321 1915 475 1977 scrutatu

689 2119 770 2186 om.
794 2117 996 2184 LXXXIII.

714 2321 765 2388 Dc
790 2319 980 2388 Tburcac'c.

363 2521 554 2588 Tuunoun
576 2519 694 2587 carue
716 2525 768 2586 est
798 2517 977 2607 provincia,
1012 2518 1206 2606 Aquitaniae
1228 2540 1313 2605 pare,
1348 2541 1369 2584 a
1382 2543 1497 2596 orreu-

319 2625 472 2690 Thurone
494 2623 630 2689 civitate
653 2623 780 2709 inclyte
801 2623 848 2689 sic
870 2626 996 2702 vocata,
1018 2621 1056 2686 in
1078 2644 1143 2708 que
1164 2620 1369 2689 sacerdotum
1381 2610 1459 2662 '⁸³¹¹‘-

319 2747 450 2814 gemma
473 2725 640 2790 Martinus
674 2725 901 2791 sanctissimus
931 2723 1115 2810 requiescit.
1161 2723 1223 2790 Est
1256 2728 1368 2790 eutem

317 2829 383 2894 site
419 2850 517 2916 super
555 2849 686 2894 emnem
724 2827 873 2914 Ligun‘m
907 2827 966 2914 qui
990 2847 1065 2892 eam
1101 2825 1297 2914 praeterfluit
1334 2829 1369 2892 et

317 2931 444 3018 irriget.
506 2929 607 2996 Terra
643 2929 702 2994 illa
743 2929 920 3005 fructifera,
952 2928 1121 3018 frugifera,
1146 2929 1367 3006 saluberrima,

318 3053 483 3120 pascuosa,
506 3053 697 3110 nemorosa3
734 3051 816 3118 gens
849 3031 994 3111 robusta,
1029 3031 1147 3112 audax,
1171 3031 1311 3097 benifica
1332 3030 1369 3096 in

318 3157 423 3224 opere,
446 3133 595 3200 modesta
617 3135 653 3200 in
675 3155 832 3200 sermone.
880 3133 955 3200 Hoc
977 3133 1084 3200 Varro
1107 3137 1142 3200 et
1166 3133 1329 3198 Rabanua

688 3365 769 3431 Otr.
794 3362 983 3432 LXXXIV.

691 3526 742 3592 Dc
770 3523 965 3614 ti'cotsotic.⁹

339 3695 570 3789 ¹Wnsrraurn
593 3695 780 3763 Germaniae
812 3696 983 3762 Inferioris
1006 3703 1057 3763 eet
1078 3697 1257 3785 provincia,
1281 3697 1365 3764 Sax-
1379 3723 1508 3788 ornum.

320 3797 431 3863 0niam
449 3798 574 3864 hebens
589 3798 633 3864 ad
655 3798 837 3879 Orientem,
852 3805 887 3865 et
907 3799 1101 3887 Turingiam
1115 3800 1160 3865 ad
1182 3791 1469 3882 Meridiem,1'h²¹¹’·

318 3899 470 3966 Rhenum
508 3905 543 3966 et
580 3899 761 3967 Oclcnam⁸
799 3901 842 3966 ad
876 3900 1095 3981 Occidentem,
1129 3901 1297 3969 Oceanum
1331 3909 1366 3970 et

318 3995 490 4088 Frigium⁴
526 4001 570 4066 ad
611 4001 818 4089 Aquilonem.
878 4001 1017 4068 Duobus
1054 4003 1267 4070 nobilissimis
1303 4007 1365 4071 flu-

316 4103 461 4170 minibus
483 4105 519 4170 in
539 4103 610 4190 ejus
632 4103 900 4170 extremitatibus
916 4104 1069 4192 cingitur,
1094 4105 1225 4185 scilicet,
1249 4105 1366 4172 Visera

317 4209 351 4272 et
394 4205 519 4272 Rheno.
574 4205 663 4271 Num
695 4207 848 4272 Rhenum
874 4207 986 4294 tangit
1011 4229 1126 4274 versus
1153 4208 1365 4276 Occidentem

315 4313 349 4374 et
394 4307 667 4396 Septentrionem,
712 4308 862 4376 Viseram
899 4331 977 4376 vero
1013 4331 1127 4376 versus
1165 4307 1366 4378 Orientem.⁵

349 4622 356 4652 ¹
368 4622 404 4688 et]
418 4623 501 4673 etiam.
512 4577 522 4592 ⁴
534 4621 565 4671 B.
899 4621 909 4651 ⁴
919 4621 1042 4690 Friqium]
1056 4638 1120 4674 corr.
1132 4618 1240 4676 Frisium
1253 4625 1265 4678 i

347 4699 517 4766 waram]
536 4699 697 4752 creavere.
732 4699 764 4750 a.

347 4777 497 4846 ²Colonum]
518 4778 654 4833 Coloniam.
687 4779 754 4831 ul).
905 4780 1063 4848 Ὀνίειιιειη]
1083 4773 1252 4836 Occidentem.
1274 4784 1340 4837 RD.
