3590 5844
540 901 725 957 autoswu
747 899 1000 954 fflsromsaull.
1229 887 1295 954 339

246 1079 339 1147 ducis
366 1077 475 1160 Hoeli,
499 1101 598 1168 quam
629 1077 727 1144 modo
751 1077 805 1146 hio
826 1076 1038 1158 intumulavi‚
1061 1081 1096 1144 et
1126 1097 1180 1142 me
1207 1076 1296 1144 illius
1316 1073 1444 1128 Thema

243 1181 424 1249 alitriesm¹
449 1182 486 1248 in
506 1183 594 1249 huna
616 1185 763 1248 montem
788 1180 936 1257 advexit,
952 1180 1011 1265 qui
1033 1178 1186 1245 inaudito
1210 1200 1296 1244 mor·
1315 1143 1415 1274 ΗΕΘ(

242 1286 288 1352 tie
309 1307 428 1374 genere
452 1290 486 1350 ta
512 1283 634 1370 absque
656 1282 863 1349 cunctamine
887 1280 1016 1348 efficiat
1061 1279 1173 1370 Proh,⁹
1188 1282 1299 1348 tristia
1318 1274 1425 1329 muf-

241 1387 330 1454 fatal
356 1386 570 1454 Sarenissima
589 1387 724 1452 alumna
734 1390 863 1472 recepto
885 1384 973 1450 infra
987 1384 1203 1450 tenerrimum
1226 1406 1300 1472 pea-

242 1495 297 1556 tue
335 1491 453 1556 timore
491 1489 573 1554 dum
614 1511 688 1555 sam
725 1487 886 1554 nefandus
924 1486 980 1553 ills
1019 1486 1298 1574 amplecteretur³

241 1594 349 1660 vitam
378 1591 578 1658 diuturniori
618 1591 690 1658 lues
731 1589 868 1678 dignam
908 1589 1029 1657 finivit.
1103 1589 1154 1656 Ut
1192 1589 1296 1678 igitur

241 1695 334 1764 illam
363 1718 438 1782 quae
469 1699 541 1762 erat
561 1693 643 1760 mihi
673 1693 758 1760 alter
788 1692 934 1780 spiritus,
965 1693 1072 1759 altera
1093 1693 1175 1772 vita,
1207 1691 1296 1759 foedo

242 1799 331 1865 soitu
352 1819 412 1864 suo
449 1797 625 1884 deturpare
654 1797 808 1882 requivit,
840 1795 1036 1862 detmtanda
1066 1795 1193 1862 Venere
1222 1816 1295 1862 suc·

243 1921 356 1968 sensus
378 1899 461 1966 mihi
486 1899 614 1979 invitae,
631 1899 740 1964 Deum
764 1901 799 1965 et
822 1901 1024 1964 senectutem
1042 1921 1150 1964 meam
1173 1899 1300 1980 testor,⁴

243 2003 313 2070 vim
335 2007 370 2070 et
399 2001 593 2069 violentiam
622 1999 784 2089 ingessit.l
845 2000 937 2088 Fuge
967 2021 1053 2087 ergo,
1085 2000 1203 2068 dilecte
1241 2001 1297 2082 mi,

243 2105 329 2193 finge,
345 2126 388 2172 ne
413 2105 443 2172 si
466 2125 556 2171 more
582 2126 642 2170 suo
665 2125 794 2170 meeum
819 2104 965 2168 coituras
984 2102 1157 2168 advenerit
1180 2107 1215 2168 ta
1237 2103 1299 2168 hoe

244 2209 342 2277 modo
378 2213 544 2298 repartum
581 2205 762 2274 miserabili
800 2206 888 2272 caede
926 2204 1074 2272 dilaniet
1153 2205 1203 2270 At
1241 2203 1297 2270 ills

244 2316 407 2399 quantum
429 2312 583 2378 humanae
607 2317 737 2378 natnrae
761 2307 916 2396 possibile
938 2313 989 2374 est
1015 2313 1197 2373 eommotus
1223 2328 1297 2376 eam

243 2415 373 2480 blandis
403 2414 532 2488 sedavit
562 2414 672 2480 verbis
698 2417 733 2482 et
762 2411 920 2499 promisso
951 2407 1147 2476 festinanti⁶
1177 2408 1296 2475 auxilii

244 2517 401 2582 solamine
438 2517 481 2582 ed
518 2515 704 2582 Arthurum
741 2535 892 2582 reversus
931 2518 990 2592 ast,
1017 2517 1052 2580 et
1082 2514 1193 2578 omnia
1222 2533 1297 2600 quae

245 2615 441 2684 invenerat⁷
472 2616 656 2684 indicavit⁸

289 2720 458 2787 Arthurus
488 2721 592 2807 igitur
621 2741 732 2787 nasum
762 2719 978 2806 ingemiscens
1000 2717 1119 2806 puallae
1141 2719 1298 2805 praesepit

245 2821 291 2887 eis
321 2827 362 2888 ut
391 2821 456 2888 sibi
490 2823 552 2888 soli
581 2821 677 2888 illum
709 2822 864 2888 invadere
895 2821 1138 2909 permitterent,
1177 2821 1235 2887 sed
1266 2822 1296 2886 si

246 2924 420 2989 nenessitas
451 2925 621 3002 assideret,
653 2925 690 2990 in
720 2925 882 2990 auxilium
916 2924 1128 3011 procedentes
1157 2924 1299 2990 viriliter

246 3024 510 3111 aggrederentur.
557 3024 762 3091 Direxerunt
783 3027 861 3092 inde
890 3026 935 3091 ad
964 3025 1121 3111 majorem
1142 3031 1298 3104 montem,

249 3132 285 3192 at
322 3147 423 3212 equos
460 3147 536 3192 suos
570 3127 740 3213 armigeris
775 3128 1017 3204 commiserunt,
1053 3133 1088 3194 at
1124 3125 1300 3194 montam⁰

251 3227 399 3294 Arthuro
429 3227 634 3315 praesdante
659 3226 913 3294 ascenderunt¹⁰

299 3329 427 3397 Aderat
458 3351 600 3416 namque
628 3329 828 3398 inhumanus
855 3329 912 3396 ille
934 3329 1062 3418 gigas¹¹
1087 3331 1130 3396 ad
1152 3329 1300 3419 ignem¹⁹

252 3437 387 3520 portans
410 3455 521 3500 secum
556 3433 788 3500 semiustorum
817 3453 990 3521 porsonam
1019 3432 1185 3511 cadavera,
1217 3454 1299 3520 quoe

252 3536 375 3622 partim
401 3535 625 3616 devoraverat,
656 3537 779 3624 partim
808 3557 888 3602 varo
913 3535 1057 3602 verubus
1079 3537 1199 3602 infixos
1221 3557 1298 3625 sup·

247 3638 365 3724 positia
381 3640 497 3726 prunis
512 3638 667 3706 terrebat
707 3638 788 3704 Mox
810 3643 850 3706 ut
872 3639 955 3720 illos,
971 3638 1056 3706 nihil
1078 3638 1146 3705 tels
1161 3659 1296 3726 praema·

249 3740 385 3821 ditatus,
410 3742 549 3828 aspexit,
574 3741 749 3808 festinavit
763 3741 891 3808 clavam
914 3763 1008 3809 suam
1030 3743 1181 3830 arripere,
1196 3761 1296 3829 quarn

249 3842 317 3910 duo
334 3843 474 3930 juvenes
500 3845 562 3910 vix
591 3866 613 3910 a
635 3849 725 3911 tarra
748 3847 916 3934 erigerent

268 4001 274 4004 .
310 3998 773 4006 ..-.—--—.-—-.-.—.-.-—

285 4066 436 4135 'sslllrlwfl
456 4068 576 4120 illimem·
612 4067 677 4120 RD·
828 4081 979 4149 'indicarit]
999 4083 1127 4150 elpram.
1161 4085 1193 4134 D.

282 4145 383 4214 wat]
402 4148 490 4199 Pron.
523 4147 623 4199 nnn.

284 4226 503 4296 'amplectaread
558 4225 760 4292 amplecteretur.

249 4307 307 4357 BD

830 4175 962 4241 'montem
982 4190 1048 4228 eum.
1063 4175 1128 4226 BJ).

831 4267 989 4330 ¹⁰elequoa.
1016 4303 1022 4317 .
1047 4303 1054 4316 .
1080 4266 1300 4335 ..weadmnlj

274 4343 390 4451 fiam]
409 4391 479 4435 m
509 4385 540 4436 Β.
569 4391 701 4436 Gomon
724 4385 757 4444 D·
798 4345 919 4396 Somuelr
931 4345 1030 4409 injured
1047 4346 1212 4412 bymoleture
1228 4347 1256 4398 iu
1268 4349 1302 4400 A.

252 4463 315 4512 Deo.
327 4477 411 4527 pram.
428 4463 459 4513 B.
471 4463 499 4512 in
511 4479 527 4514 a
538 4463 601 4514 later
614 4462 690 4516 hand.
797 4440 825 4475 ω
842 4433 868 4474 ω
880 4426 919 4528 ,Μ
931 4425 1020 4475 dmm
1031 4423 1149 4491 lum-bl&

284 4542 420 4610 *semu
438 4543 616 4594 nenena
628 4543 662 4594 n.
831 4515 847 4546 ¹¹
858 4515 941 4584 W]
961 4531 1009 4567 ⁰¹⁰·
1027 4515 1093 4570 Μ’·

284 4617 444 4686 verme]
464 4621 582 4672 sennan.
618 4622 682 4674 an.
831 4607 1022 4674 ueramque
1055 4645 1063 4661 ·
1087 4647 1118 4663 ··
1141 4647 1149 4662 ·
1173 4647 1180 4664 ·
1211 4611 1300 4679 tuem]

242 4719 252 4740 ο
286 4697 346 4748 'Da
368 4699 510 4764 gig[anle].
544 4699 572 4750 in
595 4715 675 4768 marg.
709 4700 745 4752 A.
797 4698 901 4764 Injured
926 4701 961 4770 by
980 4701 1102 4756 molatura
1120 4702 1189 4754 inA.
1224 4703 1303 4756 illitu·

251 4775 296 4827 tha
306 4777 447 4828 remalnder
457 4777 674 4843 havingbeeneut
684 4781 723 4832 off
730 4781 758 4830 in
797 4794 841 4831 ora
862 4782 1006 4834 tabo.a‹1d.
1047 4783 1112 4834 B.D.
1155 4790 1209 4834 erat
1231 4783 1300 4836 enim

242 4845 365 4922 'binding
399 4855 693 4924 Degigantaiumarg·.
724 4858 758 4910 D.
797 4895 804 4909 .
839 4897 846 4910 .
881 4895 887 4911 .
922 4861 1042 4928 .ignem.
1076 4861 1108 4912 B.
1148 4930 1170 4996 2

1103 4946 1126 4993 Y
