3696 5794
628 925 811 978 uuaocmu
832 923 1083 978 mammarum
1318 913 1381 978 109

331 1099 460 1188 pascuis
506 1099 683 1166 uberrimis
729 1100 812 1166 alios
849 1101 997 1168 defectus
1035 1121 1238 1188 recuperans.
1273 1101 1435 1166 'GensOt
1447 1103 1543 1159 Saeua.

330 1203 443 1269 valida
465 1206 500 1269 et
521 1202 668 1284 robusta,
694 1202 787 1290 cujus
814 1203 967 1291 potentia
994 1203 1163 1289 quondam
1190 1203 1295 1270 totius
1316 1203 1385 1270 fera

332 1307 422 1373 Asiae
446 1309 482 1372 et
516 1305 659 1393 Europae
681 1310 811 1392 partem
834 1305 1016 1372 maximam
1042 1305 1159 1374 multis
1180 1306 1386 1392 temporibus

332 1408 500 1474 edomavit
507 1433 517 1486 3
548 1430 631 1496 quos
667 1408 806 1496 aggredi
844 1407 1036 1476 Graecorum
1074 1429 1156 1496 gans
1199 1408 1384 1474 extimuit:

331 1510 417 1576 Julii
439 1509 528 1576 enim
551 1509 690 1578 Ooesaris
711 1510 831 1596 juncta
853 1511 1005 1598 potantia
1030 1509 1215 1598 superatis¹
1242 1509 1386 1592 Gallicis,

332 1611 548 1694 Almannicis,
585 1617 619 1680 et
665 1612 868 1680 Britannicis
915 1635 991 1680 cum
1028 1613 1144 1692 Derris,
1183 1617 1219 1678 at
1257 1611 1387 1694 Gothis,

333 1714 475 1794 Noricis,
506 1720 540 1782 et
571 1713 832 1801 Aquilonaribus
856 1716 987 1804 populis
1009 1715 1166 1804 congredi
1186 1713 1386 1784 formidavit.

333 1817 407 1882 Hoc
436 1817 473 1882 in
504 1817 665 1883 Historiis
701 1817 933 1885 Romanorum.
980 1818 1034 1884 Ex
1068 1817 1201 1886 illorum
1235 1819 1387 1906 prosapia

334 1921 517 1986 Amazones
551 1925 790 2008 processerunt,
817 1921 892 1988 ideo
922 1922 1064 2012 populus
1097 1921 1155 1988 ille
1185 1920 1323 2003 deletus,
1346 1925 1386 1988 ut

333 2022 414 2089 dicit
438 2021 595 2094 isidorus.

731 2323 811 2390 Car.
829 2322 982 2390 GXLIX.

755 2490 805 2558 Da
823 2488 960 2560 Saenia.

377 2683 513 2750 Suum
537 2682 723 2749 Germaniae
738 2685 790 2750 ast
812 2681 993 2770 provincia,
1010 2681 1103 2769 cujus
1125 2687 1213 2771 gens'
1226 2703 1384 2771 magnum
1398 2697 1543 2752 orslevia.

332 2786 517 2852 dominium
540 2785 587 2850 in·
604 2785 784 2853 Germania
809 2783 930 2852 habere
953 2785 1131 2851 consuevit.
1177 2785 1326 2852 Isidorus
1348 2787 1384 2852 in

332 2890 428 2975 capit.
460 2890 501 2954 de
531 2887 710 2955 Vocabulis
740 2887 822 2954 dicit
852 2887 941 2974 quod
972 2886 1074 2956 Suevi
1100 2893 1180 2954 sunt
1206 2911 1281 2978 pars
1306 2889 1386 2956 Ger-

333 3011 505 3057 manorum
527 2991 564 3056 in
585 2990 653 3058 fine
677 2989 927 3080 Septentrionis.
974 2989 1074 3056 Unde
1109 2983 1261 3058 Lucanus
1279 2989 1359 3056 :-⁹

422 3131 579 3198 “Fundit
600 3132 645 3198 ab
671 3136 819 3198 extremo
843 3130 951 3197 salvos
972 3129 1137 3218 Aquilone
1159 3130 1312 3198 Suevos?

377 3273 424 3340 Et
446 3279 498 3339 est
513 3272 673 3360 Superior
694 3277 730 3338 et
753 3271 914 3351 Inferior3
941 3272 1084 3340 Inferior
1102 3277 1217 3338 contra
1231 3273 1385 3338 Rhenum

331 3375 511 3462 protendit,
538 3373 695 3462 Superior
716 3379 833 3441 contra
847 3375 948 3462 Alpes
971 3379 1007 3445 et
1028 3374 1230 3456 Danubium,
1245 3379 1385 3460 utraque

331 3484 421 3544 terra
444 3478 576 3565 optima
623 3477 667 3542 In
696 3477 894 3564 campestria
915 3477 1090 3564 gramina³
1112 3477 1325 3556 nobilissima,
1347 3477 1385 3542 in
1503 3477 1507 3484 ’

331 3580 500 3645 montibus
544 3585 652 3646 castra
690 3579 800 3659 fortia,
835 3601 961 3656 aurum,
998 3585 1183 3669 argentum,
1216 3584 1251 3646 ct
1289 3579 1385 3666 plura

333 3682 468 3749 metalla
490 3681 703 3750 effodiuntur.
750 3679 825 3748 Hoc
848 3681 992 3750 Orosius.

760 3967 851 4044 Gar.
884 3966 950 4034 GL

733 4121 783 4189 Da
809 4121 964 4192 tucceta.

379 4287 541 4351 Tanaum
564 4287 616 4350 est
638 4283 810 4370 provincia
835 4284 873 4348 in
898 4283 1036 4364 Graecia,
1059 4285 1103 4352 ad
1126 4307 1226 4372 quam
1248 4287 1384 4352 veniens
1397 4292 1553 4346 ormana.

332 4389 439 4476 Tyrus
469 4388 557 4452 filius
584 4383 731 4474 Jaseph⁴
754 4408 775 4451 a
797 4407 857 4452 suo
888 4389 1029 4467 nomine,
1053 4393 1093 4454 ut
1117 4389 1248 4468 dicitur,
1279 4390 1384 4480 ipsam

365 4677 519 4744 mperaua]
542 4661 624 4728 matis.
642 4675 676 4726 A.
701 4673 829 4740 superaus
913 4679 1057 4746 'pravam
1077 4679 1220 4732 Germania.
1253 4681 1317 4732 B.D.

329 4757 518 4889 npmh
529 4849 608 4902 mg,
620 4833 688 4886 Α»,
916 4823 1044 4892 κωφὴ]
1063 4825 1182 4892 sepau.
1215 4825 1280 4878 an.
