3674 5800
482 859 523 924 54
776 869 959 921 annnorum
981 867 1231 920 nrsroamauu.

316 1039 459 1159 wig&
482 1041 548 1112 fuit
571 1048 738 1132 occupata,
763 1065 842 1110 nam
866 1043 953 1109 Galli
975 1043 1011 1108 in
1036 1043 1198 1108 auxilium
1225 1065 1245 1106 a
1268 1063 1344 1130 rege
1367 1041 1536 1128 Bithyniae

316 1123 380 1228 mr
459 1127 612 1216 ‘evocati
642 1169 781 1235 regnum
813 1167 887 1212 cum
921 1167 959 1210 eo
993 1149 1126 1232 patrata
1151 1144 1292 1210 victoria
1329 1143 1515 1210 divisemnt
1527 1170 1535 1226 ;

483 1253 603 1338 sicque·
624 1251 742 1316 deinde
773 1248 895 1315 Graecis
927 1247 1080 1328 admixti,
1108 1243 1271 1334 primum¹
1306 1245 1534 1325 Gallo-Graci,

482 1377 571 1422 nunc
607 1376 650 1419 ex
682 1353 820 1438 antiquo
848 1349 1019 1415 Gallorum
1049 1349 1183 1414 nomine
1212 1349 1341 1415 Galatae
1368 1350 1535 1430 dicuntur,

481 1462 517 1524 et
546 1479 659 1522 eorum
687 1455 779 1540 regio
804 1453 937 1518 Galatia
959 1458 1177 1538 nuncupatur.
1224 1449 1373 1539 Phrygia
1407 1453 1537 1518 dictae

481 1557 642 1646 Phryga,i
665 1554 823 1642 Europse³
840 1555 919 1620 filia.
953 1552 1036 1619 Haec
1050 1576 1129 1620 vero
1146 1553 1354 1619 Dardaniae
1369 1553 1535 1632 Dardano,

481 1661 578 1727 Jovis
596 1659 674 1737 filio,
697 1660 738 1723 de
761 1679 826 1744 quo
850 1655 1017 1721 Homerus
1039 1655 1146 1721 multa
1167 1655 1290 1722 scribit.
1349 1657 1436 1723 Duae
1458 1661 1537 1722 sunt

483 1763 645 1850 Phrygiae,
668 1759 776 1846 Major
795 1763 830 1824 et
851 1757 970 1823 Minor.
1015 1758 1124 1844 Major
1152 1757 1330 1845 Smyrnam
1345 1757 1454 1836 habet,
1473 1757 1537 1824 Mi-

482 1887 552 1946 nor,
570 1863 671 1928 Ilium
702 1867 736 1927 et
759 1860 970 1946 Lycaoniam.
1021 1860 1131 1946 Lydia
1156 1883 1177 1926 a
1202 1861 1297 1946 Lyda
1321 1863 1407 1950 regis
1434 1861 1536 1926 fratre

483 1967 542 2053 qni
570 1966 608 2029 in
630 1963 799 2051 provincia
823 1966 1027 2028 remanserat
1054 1963 1227 2028 nominata
1257 1967 1315 2042 est,
1332 1965 1376 2029 ab
1401 1961 1537 2030 Oriente

484 2066 628 2134 Minori⁴
644 2065 807 2153 Phrygiae,
825 2065 867 2129 ab
883 2069 960 2129 ortu
975 2063 1128 2151 Smyrnae
1142 2066 1364 2153 conjungitur.
1411 2065 1540 2132 Isauria

484 2195 526 2238 ex
553 2169 621 2235 situ
646 2169 710 2234 loci
728 2167 931 2246 nominatur,
960 2189 998 2232 eo
1028 2167 1116 2252 quod
1139 2169 1285 2256 undique
1305 2175 1421 2256 aperta
1443 2191 1539 2234 aura-

482 2297 557 2340 rum
575 2271 709 2337 flatibus
722 2275 856 2358 pateat3
879 2269 995 2334 urbem
1010 2269 1217 2356 metropolim
1234 2271 1415 2337 Seleuciam
1430 2269 1539 2337 habet

485 2373 603 2442 Cilicia
633 2397 653 2438 a
685 2371 787 2438 Oilioe
821 2372 965 2457 quodam
994 2393 1118 2436 nomen
1148 2371 1267 2454 traxit,
1299 2396 1398 2461 quem
1428 2379 1539 2440 ortum

485 2477 641 2542 Phoenice
679 2473 803 2553 dicunt,
842 2470 1157 2560 antiquioremque⁶
1194 2475 1281 2542 Jove
1321 2499 1396 2542 eum
1440 2477 1540 2545 fuisse

485 2584 659 2655 assenmt;
681 2581 822 2640 matrem
843 2575 978 2640 urbium
1002 2575 1141 2642 Tarsum
1164 2576 1273 2643 habet
1331 2578 1432 2664 Lycia
1453 2581 1543 2646 dicta

487 2683 567 2770 quia
582 2678 706 2746 Ciliciae
724 2677 844 2762 juncta
855 2676 886 2759 ;ὃ
908 2677 952 2742 ab
976 2677 1064 2744 Ortu
1086 2679 1189 2744 habet
1209 2679 1365 2760 Ciliciam,
1382 2682 1425 2747 ab
1442 2682 1541 2749 Oeca-

489 2807 529 2850 su
551 2787 585 2848 et
612 2779 751 2846 Meridie
781 2801 881 2859 mare,
911 2801 932 2844 a
959 2779 1191 2867 Septentrione
1223 2781 1360 2850 Cariam.
1408 2783 1463 2850 Ibi
1492 2789 1543 2850 est

491 2886 588 2950 Mons
619 2879 820 2959 chimaera⁷
844 2901 919 2966 qnae
951 2883 987 2946 in
1017 2889 1116 2950 nocte
1147 2885 1259 2971 ignem
1289 2885 1445 2966 exhalat3
1477 2885 1544 2954 sic⁰

493 2987 594 3054 AEtna
620 2986 657 3050 in
687 2984 810 3064 Sicilia,
837 2989 871 3049 et
895 2983 1020 3050 Veseus
1042 2987 1078 3050 in
1106 2984 1294 3074 Campania.
1340 2988 1428 3054 Alba
1452 2989 1543 3076 regio

491 3095 542 3156 est
567 3089 799 3163 Idumaeorum,
827 3107 902 3172 quae
927 3109 1014 3152 nunc
1041 3087 1234 3154 Gabalena⁹
1260 3091 1387 3156 dicitur.
1429 3093 1545 3178 Asgog

490 3192 582 3280 regio
611 3189 699 3276 regis
730 3188 841 3253 Basan
867 3209 967 3274 supra
993 3189 1017 3254 J
1019 3189 1185 3270 ordanem,
1215 3193 1251 3256 in
1280 3198 1367 3258 sorte
1397 3193 1544 3260 dimidiae

491 3293 599 3360 tribus
622 3293 782 3368 Manassa
808 3293 843 3355 et
867 3295 1045 3377 estusque
1075 3291 1173 3358 hodie
1198 3293 1289 3360 vicus
1310 3295 1412 3381 juxta
1442 3297 1543 3362 Gera-

493 3419 563 3462 sam
581 3396 698 3460 urbem
723 3391 866 3472 Arabiae,
884 3393 1009 3459 distans
1032 3411 1088 3460 xv.
1112 3396 1247 3462 milibus
1257 3395 1283 3434 ¹⁰
1304 3399 1347 3464 ab
1370 3421 1409 3464 ea
1431 3405 1547 3466 contra

494 3499 714 3567 Occidentem.
765 3495 960 3582 AEthiopum
990 3497 1082 3584 regio
1111 3498 1154 3563 ab
1186 3499 1271 3564 Indo
1304 3499 1441 3568 flumine
1469 3523 1544 3568 con-

492 3623 627 3690 surgens
661 3599 763 3686 juxta
789 3597 975 3684 AEgyptum
1010 3599 1047 3664 in
1083 3599 1197 3666 Nilum
1229 3607 1264 3667 et
1303 3603 1478 3686 Oceanum,
1509 3606 1546 3670 in

495 3703 667 3771 Meridie¹¹
700 3703 761 3768 sub
792 3703 864 3789 ipsa
888 3705 965 3770 solis
991 3705 1172 3788 vicinitate,
1198 3707 1297 3794 jacet.
1345 3707 1433 3776 Cene
1455 3710 1546 3798 regio

493 3807 692 3896 principium
720 3805 952 3872 Idumaeorum
1000 3807 1108 3874 Cedar
1129 3811 1219 3898 regio
1245 3811 1481 3878 Saracenorum
1507 3817 1547 3879 ut

494 3933 601 3996 supra,
618 3931 639 3972 a
664 3907 733 3972 filio
758 3907 879 3973 Ismael
901 3910 952 3974 ita
973 3912 1167 3992 nominata;
1198 3914 1303 3980 Isaiae
1326 3921 1361 3980 et
1386 3916 1547 3982 Jemmias

495 4013 530 4077 in
554 4011 681 4078 vianne
707 4009 841 4076 Arabiae
866 4011 964 4097 hujus
991 4015 1143 4082 vocabuli
1169 4018 1389 4086 recordantur.
1437 4019 1546 4086 (iotha

531 4301 670 4370 ’μήπω
690 4303 780 4367 rn'mo-
815 4301 880 4353 RD·
1072 4310 1166 4361 'uon
1184 4311 1213 4360 a
1230 4327 1309 4379 marg.
1343 4313 1413 4363 nn.

529 4383 663 4448 ’Plry9a]
700 4381 796 4446 Frigia.
814 4381 859 4443 A,
883 4381 926 4432 the
964 4399 1004 4434 se·
1163 4415 1177 4446 0

494 4461 871 4526 conoihavingbeenemed.
1071 4455 1140 4520 ἐπὶ]
1161 4470 1180 4505 s.
1215 4457 1249 4506 A.
1284 4456 1355 4507 sicut.
1389 4455 1454 4507 RD.

530 4541 676 4608 'EW‘JPoel
696 4555 761 4590 0⁰¹²?-
773 4539 869 4604 AE⁸⁰Pl
1071 4559 1239 4628 matulae]
1259 4561 1396 4614 Cabelena.
1430 4559 1462 4612 B.

528 4618 798 4766 ifflfflfflss]
828 4617 859 4668 Β·
1074 4665 1212 4734 cauea]
1231 4666 1380 4718 maneus
1413 4665 1479 4718 nn.

529 4779 648 4850 qma]
666 4775 759 4829 renea.
795 4777 830 4832 a.
1075 4771 1220 4840 ¹¹Merida]
1239 4771 1357 4823 neam
1390 4769 1422 4822 n.
