3656 5800
495 895 560 962 228
790 905 972 962 succorum
995 903 1246 958 nrsronmnum

329 1093 467 1160 Tnerary
495 1085 552 1152 sed
579 1083 679 1172 quis¹
712 1106 826 1152 earum
848 1084 956 1172 magis
978 1083 1088 1170 ipsum
1112 1081 1265 1168 diligeret
1296 1080 1388 1168 prius
1411 1077 1550 1150 investi-

329 1161 432 1298 {23³⁸

494 1188 611 1277 gavit?
666 1187 767 1255 Unde
806 1207 998 1274 responsum
1037 1189 1210 1271 acceptum
1246 1207 1267 1250 a
1299 1183 1428 1254 duabus
1461 1183 1551 1268 quod

495 1293 569 1381 plus
591 1313 691 1378 quam
714 1291 904 1378 semetipsas
936 1290 1045 1376 ipsum
1068 1288 1247 1374 diligerent
1270 1287 1310 1352 do
1339 1287 1550 1373 responsione

495 1399 669 1460 contentus
714 1397 774 1460 est.
837 1391 1023 1472 Quaesitum
1062 1413 1083 1456 a
1121 1389 1247 1456 tertio⁸
1280 1393 1443 1476 quantum
1477 1390 1550 1476 ipsa

497 1497 655 1584 diligeret,
679 1491 894 1582 respondit:⁴
930 1493 1104 1574 Quantum
1141 1493 1253 1570 habes,
1278 1497 1410 1558 tantum
1433 1492 1551 1570 veles;

496 1603 629 1666 tentum
655 1603 690 1664 te
712 1597 823 1684 diligo.
870 1595 998 1682 Nempe
1022 1617 1151 1682 semper
1174 1595 1276 1662 dilexi
1300 1601 1334 1662 te
1349 1599 1389 1660 ut
1412 1599 1549 1682 petrem,

497 1707 533 1768 et
555 1701 662 1767 adhuc
683 1723 704 1766 a
726 1699 894 1786 proposito
926 1719 999 1764 meo
1029 1719 1097 1764 non
1131 1697 1285 1764 divertor.
1332 1697 1435 1764 Porro
1457 1701 1552 1784 pater

497 1805 602 1870 iratus
628 1803 856 1888 jurameutum
885 1805 1023 1888 praestat
1046 1822 1080 1866 ee
1102 1822 1273 1887 nunquam
1296 1801 1453 1868 daturum
1476 1820 1550 1864 curn

498 1927 537 1972 ea
558 1907 596 1972 in
624 1904 840 1992 marilegium
862 1903 1008 1972 valorem
1031 1903 1177 1970 minutae.
1231 1903 1266 1968 N
1268 1925 1311 1969 on
1333 1904 1405 1970 dico
1427 1907 1550 1984 tamen,

498 2029 573 2076 cum
595 2008 665 2074 filia
687 2028 761 2072 mea
783 2007 838 2088 sis,
864 2007 947 2094 quin
971 2010 1006 2072 te
1029 2005 1127 2073 alicui
1151 2012 1289 2073 externo
1321 2007 1350 2072 si
1372 2007 1467 2072 illum
1489 2006 1552 2072 for-

497 2116 583 2178 tuna
627 2109 785 2197 optulerit
828 2114 996 2196 utcunque
1043 2110 1243 2176 meritarem.
1311 2109 1401 2174 Illud
1439 2114 1551 2174 aulem

498 2212 624 2278 affirmo
647 2211 736 2298 quod
760 2215 794 2278 te
817 2233 988 2298 nunquam
1022 2212 1240 2280 inhonorem
1263 2231 1337 2278 oum
1361 2207 1552 2278 sororibus⁶

498 2315 634 2382 habebo.

544 2416 692 2484 Concilio
740 2437 910 2503 procerum
955 2417 1051 2504 regui
1092 2417 1144 2482 sui
1186 2417 1269 2483 duas
1303 2417 1389 2484 filies
1422 2419 1552 2484 duobus

499 2518 641 2584 ducibus
679 2519 863 2599 maritavit,
896 2519 1029 2599 scilicet,
1068 2520 1144 2586 duci
1186 2519 1365 2587 Coruubiae
1404 2525 1439 2588 et
1477 2521 1552 2586 duci

500 2623 665 2701 Albaniae,
701 2625 836 2686 tantum
876 2642 950 2686 cum
988 2621 1168 2688 medietate
1205 2621 1324 2688 insulas
1362 2622 1442 2690 dum
1482 2623 1551 2710 ipse

498 2725 647 2804 viveret;
670 2729 745 2809 post
769 2721 899 2788 obitum
916 2723 987 2808 ejus
1009 2728 1114 2789 totam
1129 2725 1352 2791 monarchiam
1368 2725 1553 2792 Britanniae

499 2825 660 2892 concessit
689 2825 883 2890 habendam.
932 2825 1084 2912 Contigit
1107 2832 1218 2892 autern
1244 2829 1332 2913 quod
1346 2829 1550 2915 Aganippes,

499 2950 560 2994 rex
592 2927 803 3006 Francorum,
830 2926 946 2992 audita
972 2927 1062 2993 furna
1091 2929 1346 3015 pulchritudinis
1369 2929 1552 3010 Cordeillae,

500 3031 637 3098 nuntios
660 3051 736 3096 euos
770 3029 813 3095 ad
848 3051 959 3116 regem
982 3029 1113 3110 direxit,
1140 3053 1259 3118 rogans
1288 3037 1329 3098 ut
1359 3031 1455 3120 ipsa⁶
1480 3056 1555 3101 con-

495 3134 605 3222 jugali
620 3133 710 3200 taeda
725 3133 909 3220 copulanda
931 3133 1127 3200 traderetur.
1174 3135 1223 3200 At
1238 3139 1333 3221 peter
1354 3135 1391 3200 in
1412 3137 1553 3224 pristina

499 3239 552 3303 ira
578 3258 791 3324 perseverans
823 3235 1006 3322 respondit,
1032 3257 1066 3302 se
1097 3236 1191 3302 illam
1222 3237 1365 3304 libenter
1399 3239 1551 3306 daturum

500 3341 559 3407 sed
596 3340 668 3406 sine
707 3343 797 3404 terra
836 3337 892 3404 vel
929 3339 1075 3426 pecunia
1133 3338 1281 3426 Cumque
1310 3341 1347 3406 id
1380 3343 1553 3432 Aganippe

500 3443 720 3520 nuntiaretur,
737 3439 908 3527 respondit
929 3461 964 3506 se
983 3441 1176 3506 thesaurum
1191 3441 1310 3510 habere
1332 3443 1555 3526 sufficientem,

503 3553 538 3612 et
561 3543 650 3631 quod
673 3543 738 3608 sibi
761 3541 924 3608 sufficeret
953 3543 1118 3630 virginem
1154 3544 1284 3628 habere,
1307 3547 1396 3632 quod
1429 3549 1554 3635 prolem

502 3671 546 3714 ex
579 3669 619 3712 eu
655 3650 767 3733 posset
798 3665 962 3732 generare,
1002 3645 1080 3731 quio
1116 3647 1251 3712 tertiam
1280 3654 1409 3736 partem
1438 3649 1555 3718 Gallice

504 3748 703 3838 possidebat.
759 3746 911 3832 Denique
935 3747 1131 3813 confirmato
1157 3748 1279 3816 foedere
1302 3752 1451 3818 mittitur
1473 3753 1552 3821 Cor-

502 3849 622 3919 deilla⁷
645 3851 688 3916 ad
711 3848 855 3915 Gellium
879 3849 1055 3938 Aganippe
1077 3851 1320 3919 maritandam?

535 4173 620 4264 rw]
639 4187 703 4238 qm,
726 4173 767 4237 B,
788 4177 917 4226 corrected
939 4175 1006 4228 from
1082 4178 1236 4247 Ἠθῶν]
1249 4180 1304 4234 ῑῑῑῖῑ·
1317 4183 1373 4234 “dd-
1409 4184 1474 4237 ΕΒ·

503 4269 725 4397 ῳῗέηυωιίςαυίι]
739 4332 916 4398 inrestigubtt.
934 4333 999 4386 BJ).
1083 4284 1174 4418 ξφα]
1187 4285 1275 4402 {pm
1309 4287 1347 4406 Β..

536 4409 641 4474 Ἥ]
654 4411 735 4462 m
772 4411 840 4464 RD·
1106 4389 1241 4458 arana]
1256 4391 1391 4446 cononis„
1411 4393 1552 4460 emim.

534 4487 596 4539 ‘De
606 4487 740 4542 Cordeillu
751 4491 778 4541 iu
789 4505 869 4556 marg.
907 4493 942 4544 A.
1084 4490 1279 4561 'mumadam
1293 4497 1439 4551 maritanda
1471 4500 1534 4552 ul).
