3590 5844
582 869 763 919 sunomun
786 868 1034 922 nrsrosnmun.
1267 859 1329 924 361

284 1043 470 1110 intenderet
492 1047 642 1130 equestre
663 1043 751 1111 illico
773 1045 816 1111 sb
838 1043 972 1131 obliquo
993 1043 1122 1110 irruens
1145 1046 1236 1111 omni
1257 1045 1334 1111 nisu
1346 1063 1474 1116 Thelm-

284 1143 395 1211 hostes
417 1152 588 1233 penetrare
610 1146 793 1230 conentur‚¹
819 1149 908 1214 unde
939 1167 995 1215 eos
1027 1147 1069 1213 sd
1092 1147 1333 1235 diffugiendum
1345 1133 1442 1248 {33⁰¹

285 1255 469 1334 coegerunt.
1415 1279 1451 1316 ur.

329 1350 485 1438 Perjurus
522 1351 580 1418 ille
617 1353 778 1420 revocetis
815 1353 963 1440 undique
1002 1352 1071 1419 suis
1107 1353 1144 1418 in
1183 1353 1334 1441 sequenti

283 1457 379 1520 nocte
407 1453 614 1521 Wintonism
637 1457 807 1544 ingressus
828 1461 904 1537 est3
935 1456 1027 1542 quod
1049 1460 1089 1521 ut
1112 1455 1335 1522 Gsnhumsrsc

285 1555 478 1623 nuntiatum
501 1562 553 1624 est
576 1559 750 1625 confestim
773 1559 949 1648 desperans
972 1557 1015 1624 sb
1039 1557 1186 1626 Eborseo
1209 1559 1252 1624 sd
1269 1559 1335 1625 Ur-

285 1657 360 1722 bem
385 1658 567 1746 Logionum
599 1659 743 1748 diffugit,
768 1666 869 1748 utque
892 1661 929 1726 in
963 1661 1089 1748 templo
1123 1661 1227 1728 Ju1ii²
1250 1684 1336 1726 mer-

285 1761 370 1844 tyris
393 1762 481 1828 inter
502 1763 678 1830 monachas
700 1763 825 1831 ibidem
848 1770 937 1830 ceste
959 1763 1074 1830 vivere
1096 1766 1274 1852 proposuit.

331 1863 499 1932 Artburus
521 1871 634 1932 sutem
656 1867 773 1933 seriori
795 1867 845 1932 im
876 1865 1053 1933 accensus³
1076 1867 1166 1955 quod
1188 1870 1241 1932 tot
1263 1887 1336 1932 oen-

284 1971 363 2032 tens
400 1968 545 2034 militum
582 1991 716 2036 suorum
747 1969 904 2036 omiserat
935 1971 972 2034 in
1006 1970 1110 2036 tertis
1147 1970 1211 2050 die,
1246 1969 1336 2035 datis

285 2069 377 2154 prius
399 2071 577 2158 sepulturse
610 2073 797 2160 peremptis,
823 2071 994 2138 civitatem
1018 2073 1128 2138 adivit
1149 2076 1250 2158 etque
1284 2071 1336 2136 in·

285 2171 336 2236 fro
357 2179 524 2260 receptum
554 2174 754 2240 nebulonem
787 2174 924 2240 obsedit
977 2174 1043 2256 Qui
1074 2179 1187 2240 temen
1219 2174 1337 2262 coeptis

286 2275 354 2340 suis
377 2275 535 2342 desistere
550 2277 673 2358 nolens,
690 2278 747 2343 sed
770 2278 859 2364 ipsos
881 2279 939 2364 qui
962 2278 990 2343 si
1013 2277 1228 2344 sdhaerebsnt
1251 2277 1334 2342 mul-

285 2377 330 2442 tis
352 2377 459 2444 modis
474 2379 670 2458 inanimens,
693 2401 769 2446 cum
792 2380 980 2471 agminibus
1002 2380 1070 2446 suis
1092 2380 1262 2468 egreditur
1284 2385 1336 2444 st-

284 2501 348 2564 que
371 2502 445 2546 cum
468 2481 633 2548 ovimculo
656 2504 715 2548 suo
738 2483 886 2570 proeliari
909 2482 1080 2570 disposuit.

330 2581 518 2649 Certamino
551 2583 658 2670 igitur
690 2585 776 2652 inito
807 2584 897 2650 fecte
928 2591 979 2652 est
1002 2584 1149 2650 maxims
1173 2583 1277 2651 (sedes
1300 2583 1336 2648 in

284 2688 426 2770 utreque
456 2689 560 2772 perte,
584 2709 658 2772 quse
688 2687 823 2753 tandem
853 2687 889 2751 in
916 2691 1010 2774 perte
1041 2685 1210 2752 Mordredi
1241 2685 1336 2750 illota

284 2792 335 2852 est
365 2792 401 2852 et
431 2809 507 2853 eum
538 2788 647 2875 coegit
682 2811 835 2876 campum
870 2789 1015 2875 turpiter
1052 2789 1245 2875 relinquere,
1278 2787 1336 2874 qui

284 2888 412 2971 deinde,
440 2913 505 2956 non
538 2890 680 2957 multum
719 2913 836 2956 cursns
868 2913 943 2976 quae
973 2891 1124 2978 sepelitio
1158 2890 1336 2978 peremptis

283 2991 352 3056 suis
381 2990 484 3072 fieret,
509 2993 577 3058 oito
618 2993 742 3080 remige
772 2993 862 3079 fuge
899 2999 1033 3058 evectus
1063 3015 1178 3060 versus
1209 2993 1337 3060 Cornu·

284 3093 374 3158 biom
400 3093 467 3159 iter
490 3094 639 3180 arripuit.

330 3194 498 3262 Arthurus
524 3202 637 3263 eutem
667 3195 802 3262 interno
826 3195 999 3262 anxietate
1030 3197 1193 3263 cruciatos
1223 3220 1336 3284 quom·

284 3295 411 3368 totius*
437 3299 596 3364 evasisset
617 3297 789 3364 confestim
812 3303 1002 3386 persecutus
1024 3303 1074 3364 est
1096 3320 1173 3384 eum
1195 3300 1231 3364 in
1254 3322 1336 3386 prse-

284 3400 407 3466 dictem
437 3403 581 3487 petriam
620 3422 724 3488 usque
762 3401 805 3466 ed
836 3400 980 3466 fluvium
1012 3401 1160 3483 Osmbla,
1192 3401 1250 3468 ubi
1281 3385 1337 3468 ille

284 3503 467 3570 adventum
494 3504 563 3592 ejus
590 3503 795 3591 expectabat.

329 3605 524 3673 Mordredus
550 3629 637 3685 vero,
664 3610 705 3672 ut
731 3609 803 3670 eret
818 3605 968 3672 omnium
995 3605 1238 3686 audacissimus,
1262 3629 1339 3673 eon-

282 3707 392 3774 festim
427 3708 551 3775 milites
588 3731 665 3774 suos
705 3730 764 3796 per
793 3712 943 3774 catervas
980 3707 1150 3796 disponit,⁵
1180 3709 1338 3776 affectans

283 3811 374 3898 prius
404 3811 536 3878 vincere
566 3813 622 3877 vel
654 3810 739 3876 mori
764 3833 863 3897 quom
890 3809 1052 3898 praedioto
1083 3811 1180 3877 modo
1210 3811 1337 3878 diutius

282 3913 404 4000 fugere
450 3913 692 3981 Remonsersnt
721 3911 778 3980 ei⁰
806 3913 915 3980 adhuc
947 3935 989 3980 ex
1020 3914 1168 4001 predicto
1198 3935 1336 3981 numero

282 4016 444 4083 sociorum
465 4039 600 4084 suorum
623 4014 739 4096 ixit!
758 4037 802 4084 ex
824 4017 945 4103 quibus
967 4015 1047 4082 fecit
1077 4031 1125 4082 VI.
1152 4020 1279 4084 turmas
1302 4021 1337 4084 et

281 4119 319 4185 in
362 4141 560 4208 unaqueque
589 4119 702 4208 posuit
742 4117 838 4186 vlm⁸
872 4123 1087 4200 armatorum,
1117 4123 1153 4186 et
1186 4135 1262 4188 vic.
1301 4124 1339 4187 et

289 4329 295 4339 Ι
501 4331 566 4339 ,,,,,,
580 4329 1109 4340 ...w-m
1118 4331 1331 4342 ——..-—-.....-

312 4449 462 4521 Ιοοηαπτιν]
481 4459 593 4504 conetur.
626 4450 691 4502 B.D.
866 4461 1006 4530 ⁸disp0nie]
1025 4462 1154 4531 disposuit
1187 4465 1222 4517 D,

312 4533 411 4599 Ι.Ῑιι1ι“ι’]
431 4531 545 4584 Caescris.
559 4532 615 4583 add.
633 4529 664 4582 B.
683 4529 782 4582 erossed
864 4557 874 4585 ι
885 4555 921 4621 α]
941 4555 1016 4606 enim·
1051 4557 1084 4608 1)⁸

280 4619 459 4758 οῃξαεσικευ]
477 4687 616 4757 ignescens.
650 4689 715 4740 B.D.
778 4711 786 4728 κ

314 4771 492 4836 ‘quamtotioq
504 4783 578 4836 quem
589 4769 688 4822 totiens.
714 4767 779 4820 B.D.
864 4768 963 4835 ¹nos]
982 4769 1021 4821 u:
1054 4769 1089 4820 A·

865 4660 970 4726 'nr.rr.]
987 4659 1032 4712 ti]
1043 4659 1077 4711 A.
