3590 5844
515 843 581 909 850
812 857 994 910 uumerus
1015 856 1269 910 remorsurum

347 1031 474 1086 'Mi‘-
512 1033 633 1100 effectu
647 1033 818 1100 semiviros
840 1033 913 1100 illos
928 1033 1206 1100 elaboraverimus
1228 1033 1444 1122 opprimere.
1477 1029 1585 1113 Quan-

345 1101 444 1232 ffigd
513 1141 565 1204 tos
595 1137 734 1204 honores
763 1137 902 1224 quisque
932 1135 1099 1204 vestrum¹
1125 1137 1318 1226 possidebit
1350 1136 1384 1202 si
1416 1135 1582 1202 voluntati

346 1235 452 1286 Aruer.
512 1261 593 1306 meae
614 1243 715 1326 atque
738 1241 911 1328 prseoeptis
936 1241 1018 1306 meis
1043 1245 1084 1306 ut
1106 1239 1220 1307 fideles
1244 1237 1508 1307 commilitones
1529 1239 1582 1304 sd-

511 1343 712 1430 quieveritia
758 1343 952 1432 Subjugstis
983 1343 1077 1410 enim
1114 1345 1195 1432 ipsis
1226 1343 1404 1410 eontinuo
1445 1341 1580 1408 Romam

510 1447 639 1532 petetis,
670 1447 811 1533 petitam
849 1445 1037 1534 cupiemus,¹
1067 1451 1199 1535 eaptam
1243 1443 1530 1534 possidebimus,⁸
1549 1451 1581 1511 et

511 1549 558 1614 sio
598 1569 725 1626 surum,
768 1553 954 1637 argentum,
985 1549 1122 1636 palatia,
1161 1555 1280 1630 terras,
1317 1548 1462 1636 oppida
1505 1547 1580 1612 eivi-

512 1655 606 1730 tstes,
629 1657 664 1718 et
694 1655 828 1720 caeteras
859 1651 1025 1718 victorum
1056 1652 1193 1718 divitias
1222 1651 1417 1718 habebitis.
1464 1649 1579 1716 Adhuo

510 1758 622 1820 autem
651 1755 724 1842 ipso
753 1754 836 1820 telis
866 1755 1023 1842 loquente
1054 1777 1167 1822 omnes
1191 1777 1260 1822 uno
1293 1755 1449 1821 elamore
1474 1773 1579 1818 essen·

508 1855 608 1936 tiunt
634 1858 742 1944 psreti
763 1865 904 1924 mortem
923 1859 1016 1944 prius
1038 1857 1182 1948 resipere
1205 1879 1313 1946 quam
1337 1857 1483 1924 vivente
1509 1856 1575 1943 ipso

508 1979 660 2048 eampum
683 1961 866 2047 relinquere
889 1959 1055 2048 fugiendo.

552 2063 601 2129 At
628 2063 750 2130 Lucius
776 2063 955 2150 imperator
980 2063 1181 2151 oomperiens
1204 2063 1349 2130 insidias
1382 2061 1416 2126 ei
1447 2063 1575 2147 paratas

506 2167 615 2232 noluit
644 2171 685 2234 ut
713 2167 927 2233 affectaverat
950 2165 1117 2254 diffugere,
1148 2166 1206 2233 sed
1235 2171 1403 2233 revoesta
1441 2161 1575 2228 audam

507 2269 593 2355 ipsos
619 2271 656 2334 in
682 2269 819 2336 eandem
844 2267 988 2336 vallem‘
1002 2271 1154 2336 edituum
1178 2269 1277 2338 duees
1301 2291 1386 2336 suos
1405 2269 1571 2340 eonvoeet,

506 2377 605 2458 etque
635 2371 688 2437 his
714 2373 824 2439 verbis
853 2373 896 2438 sd
922 2393 998 2438 suos
1028 2371 1188 2440 allocutus
1217 2380 1289 2440 est:
1325 2372 1452 2438 Patres
1478 2389 1571 2434 vene·

505 2475 609 2554 randi,
647 2495 786 2560 quorum
824 2476 962 2564 imperio
991 2479 1026 2542 et
1057 2475 1240 2542 Orientalia
1272 2481 1311 2542 et
1344 2471 1571 2542 Oeeidentalis

505 2597 607 2662 regna
628 2576 747 2660 subjici
761 2575 926 2658 deberent,
949 2583 1101 2644 veterum
1122 2585 1311 2644 nostrorum
1336 2595 1504 2644 memores
1525 2593 1569 2638 es·

504 2685 584 2758 tote,
622 2680 680 2764 qui
716 2685 756 2745 ut
793 2681 998 2746 adversarios
1034 2683 1223 2768 reipublicae
1256 2685 1461 2770 superarent
1505 2695 1568 2742 uon

505 2779 726 2847 abhorrebant
748 2781 914 2848 effundere
939 2786 1136 2872 sanguinem
1158 2807 1264 2864 suum,
1288 2785 1352 2852 sed
1380 2781 1564 2871 exemplum

504 2881 680 2968 probitatis
703 2891 738 2950 et
768 2885 898 2952 militiae
922 2888 1062 2973 posteris
1076 2889 1145 2954 suis
1167 2889 1408 2976 relinquentes,
1432 2887 1483 2952 ita
1508 2877 1565 2948 ut⁵

505 2985 717 3053 decertabant
739 3009 777 3054 ao
799 2989 828 3052 si
854 2989 890 3052 in
916 2989 1033 3076 proelio
1057 2991 1149 3057 Deus
1171 3013 1239 3057 non
1260 2984 1491 3079 providissem
1514 3005 1563 3050 eos

505 3088 689 3156 morituros.
735 3091 998 3180 Triumphabant
1018 3093 1123 3180 igitur
1137 3095 1258 3182 sapius
1273 3101 1308 3160 et
1323 3087 1562 3179 triumphando

504 3197 645 3258 mortem
675 3193 870 3276 eredebant,
902 3197 981 3282 quia
1013 3197 1097 3261 nulli
1127 3195 1194 3262 elia
1229 3203 1326 3264 erant
1358 3197 1560 3286 proventura

504 3317 603 3380 quam
625 3319 668 3362 ex
691 3297 901 3384 providentis
915 3298 979 3364 Dei
1000 3299 1316 3366 oondesoendebant.
1365 3297 1561 3386 Augebatur

504 3399 688 3484 respublioa
708 3405 742 3465 et
767 3401 856 3486 quod
882 3401 1078 3482 honestatis,
1101 3403 1190 3490 quod
1212 3403 1381 3490 largitatis
1404 3404 1443 3468 in
1467 3416 1559 3487 gene·

503 3501 585 3566 rosis
607 3521 676 3568 esse
694 3501 829 3580 solebat,
846 3503 882 3568 in
898 3505 946 3570 eis
961 3505 1088 3570 diutius
1103 3505 1228 3593 vigens,
1251 3507 1339 3594 ipses
1354 3511 1392 3573 et
1415 3507 1557 3592 ipsorum

506 3607 652 3690 posteros
681 3605 718 3670 in
748 3606 931 3672 dominium
969 3608 1074 3673 totius
1104 3608 1193 3674 orbis
1229 3611 1458 3696 promovebat.
1518 3599 1557 3666 Id

507 3727 583 3792 ergo
606 3707 642 3772 in
664 3705 759 3773 vobis
782 3709 926 3774 excitare
949 3709 1148 3789 desiderans,
1179 3709 1295 3778 hortor
1317 3735 1378 3779 vos
1401 3716 1444 3778 ut
1468 3703 1557 3772 habi·

506 3813 576 3874 tam
606 3808 789 3877 bonitatem
817 3811 1028 3878 desiderans⁷
1057 3815 1218 3882 revoeetis
1247 3819 1347 3902 atque
1378 3818 1414 3882 in
1445 3809 1555 3878 eadem

506 3917 690 3998 perstantes
719 3919 753 3979 'et
784 3914 934 3980 inimicos
967 3914 1118 3982 nostros⁸
1151 3917 1187 3982 in
1221 3917 1308 3984 valle
1342 3941 1409 4006 qua
1443 3905 1555 3980 vobis⁹

505 4013 707 4082 insidientur
732 4022 882 4104 petentes
913 4017 1001 4104 quod
1023 4025 1174 4086 nostrum
1196 4025 1246 4088 est
1268 4021 1311 4088 ab
1335 4021 1401 4088 illis
1428 4017 1553 4103 exigere

505 4117 722 4183 contendatis.
768 4117 821 4184 Ne
834 4119 859 4156 ¹⁰
889 4121 1087 4188 existimetis
1117 4145 1168 4187 me
1198 4123 1287 4189 infra
1315 4121 1443 4190 illem¹¹
1478 4115 1552 4184 eivi-

538 4367 672 4433 ¹oestnrm]
691 4367 758 4420 nim.
793 4368 824 4418 B.
1085 4374 1095 4403 ⁸
1101 4371 1261 4440 providisset]
1280 4375 1441 4439 meldinse
1475 4371 1503 4420 Β.
1733 4377 1735 4476 p

536 4447 693 4514 Ισιιρίειιιιιει]
713 4447 825 4512 rapietis.
859 4449 925 4502 RD.
1085 4451 1258 4520 'deridereffl
1277 4469 1326 4506 om.
1360 4455 1425 4506 B.D.

536 4525 740 4594 ’perridetbruq
759 4527 924 4592 possidebitis.
942 4529 1007 4583 B.D.
1085 4533 1211 4599 'merod
1230 4535 1297 4585 rios.
1332 4535 1362 4584 Β.

536 4605 652 4660 ‘eandem
663 4605 759 4673 volem]
779 4607 866 4658 eaden
876 4608 948 4660 valle.
977 4609 1008 4660 B.
1083 4609 1182 4679 ηοω]
1201 4613 1282 4664 nobis.
1315 4613 1379 4664 Bu).

531 4727 537 4739 .
1084 4691 1103 4720 ¹⁰
1112 4689 1167 4758 Ne]
1186 4695 1248 4744 Neo.
1281 4693 1347 4744 B.D.

535 4765 595 4834 ἐκ]
614 4781 663 4819 om.
696 4767 762 4820 B.D.
1021 4827 1025 4836 ,
1084 4769 1193 4839 uillum]
1212 4773 1293 4826 istam.
1320 4773 1353 4824 D.

504 4689 530 4740 D
