3696 5794
454 877 519 938 204
753 891 934 944 EULOGIUM
958 891 1207 944 mammarum.

453 1064 543 1146 sem,1
568 1065 761 1148 Diomeden,
776 1067 912 1155 Ajaoem
936 1069 1086 1150 Locrum,
1103 1068 1300 1146 Menelaum,
1317 1067 1503 1148 Nestorem,

454 1167 746 1254 Agamemnonem,
770 1170 1035 1258 Neoptolemum.

389 1315 396 1328 ·
500 1271 661 1358 Ulysses¹
686 1273 799 1338 omnia
830 1274 937 1339 maria
970 1275 1101 1340 suloans
1133 1295 1193 1361 per
1227 1293 1331 1338 annos
1354 1289 1422 1352 xm,
1446 1271 1505 1336 vix

454 1374 589 1440 landem
606 1373 756 1440 Ithacam
773 1377 916 1462 patriam
931 1377 1026 1442 venit
1038 1376 1069 1458 3⁹
1084 1376 1269 1455 Diomedes,
1285 1375 1374 1440 filins
1390 1374 1503 1461 Tydei,

453 1478 541 1564 apud
564 1477 748 1544 Thebaidos
782 1477 868 1544 bello
901 1479 1033 1544 interiit
1045 1503 1054 1560 ;
1090 1478 1182 1564 Ajax
1206 1478 1327 1543 Locrus
1361 1501 1382 1542 a
1404 1476 1503 1562 Troja

453 1585 616 1670 navigans
645 1583 747 1670 juxta
778 1583 985 1672 Caphareum
1018 1591 1168 1650 montem
1203 1583 1402 1650 fulminatus
1435 1587 1485 1647 est
1497 1606 1506 1662 ;

456 1686 625 1752 Menelaus
648 1691 683 1751 et
698 1685 823 1752 Nestor
844 1686 903 1752 ubi
918 1687 1129 1753 devenerunt
1143 1687 1308 1752 incertum
1330 1685 1472 1751 habetur
1483 1683 1505 1762 ,³

456 1789 684 1876 Agamemnon
717 1787 760 1853 ab
795 1788 972 1876 AEgiatho⁴
1006 1809 1105 1876 quem
1130 1785 1398 1875 Clytemnestra⁵
1421 1808 1506 1852 uxor

285 1877 302 1910 ¹¹
337 1899 343 1912 ’
456 1890 611 1956 moeohii⁰
633 1889 786 1968 habebat,
810 1891 933 1958 oooisus
967 1897 1037 1970 est;
1079 1891 1212 1957 Orestes
1246 1889 1317 1976 ejus
1349 1889 1438 1954 filius
1469 1889 1505 1955 in

312 2005 341 2038 ²⁰
387 2013 396 2026 ·
455 1993 615 2058 ultionem
639 1993 743 2078 patris
765 1997 907 2060 matrem
929 1994 1058 2075 oecidit,
1081 1994 1234 2078 idemque
1250 1992 1504 2079 Neoptolemum

309 2072 334 2105 ¹³
454 2095 560 2159 finum
592 2093 741 2172 Aemus,
766 2095 823 2180 qui
857 2099 892 2162 ee
925 2095 1074 2182 Pyrrhus
1108 2095 1290 2172 dicebatur,
1314 2095 1442 2172 oecion,
1466 2116 1504 2159 eo

454 2197 543 2282 quod
565 2197 596 2262 ei
619 2218 757 2262 uxorem
789 2219 883 2262 suam
919 2195 1158 2276 Hermionam,⁷
1181 2197 1284 2263 filiam
1309 2196 1448 2262 Helenae
1471 2200 1505 2262 et

454 2297 604 2377 Menelai,
630 2298 821 2364 abstulerat.

498 2401 735 2488 Neoptolemus
769 2423 848 2468 vero
871 2399 993 2468 oceidit
1016 2401 1221 2488 Polyxenam
1244 2401 1410 2489 virginem
1432 2401 1504 2488 pul-

454 2503 655 2582 cherrimam,
692 2503 795 2568 filiam
827 2504 915 2591 regis
950 2504 1084 2584 Priami,
1108 2527 1208 2591 quam
1228 2503 1374 2570 Achilles
1406 2504 1504 2569 valde

455 2605 625 2686 dilexerat,
650 2605 707 2691 qui
729 2606 772 2670 ob
805 2627 947 2672 amorem
973 2607 1063 2672 illius
1084 2607 1227 2695 virginis
1249 2607 1286 2671 in
1310 2605 1407 2694 Troja
1430 2607 1504 2672 dolo

456 2708 578 2774 oeoisus
616 2712 685 2784 est;
719 2713 817 2795 oapta
855 2708 954 2794 Troja
985 2709 1164 2797 jugulatur
1201 2710 1296 2796 virgo
1334 2709 1505 2794 Polyxena

452 2832 551 2897 super
576 2809 729 2876 tumbam
751 2810 890 2876 Aebillis
920 2812 1120 2878 vindicando
1143 2817 1284 2878 mortem
1309 2810 1400 2896 ejus.⁸

497 2914 618 2980 AEneos
641 2934 718 2979 vero
749 2913 923 2980 Hecubam
955 2914 1115 3001 reginam,
1140 2909 1502 2999 cassandram,⁹P01y-

453 3037 573 3082 xenam
588 3016 814 3098 absconderat,
830 3021 870 3082 ut
885 3017 913 3082 si
936 3021 1047 3104 posset
1061 3017 1166 3083 vitam
1183 3017 1315 3082 illarum
1338 3016 1501 3092 salvasse3

452 3141 511 3206 pro
534 3141 599 3205 qua
621 3119 830 3184 absoonsione
853 3119 1007 3185 exulatus
1030 3125 1081 3185 est
1108 3143 1129 3184 a
1152 3119 1280 3184 Graecia
1304 3123 1338 3184 et
1361 3141 1382 3182 a
1397 3117 1501 3204 Troja.

453 3222 625 3288 Remansit
646 3222 683 3286 in
705 3221 810 3286 ruinis
832 3223 949 3309 patriae
965 3222 1126 3302 Antenor,
1141 3221 1336 3310 proditionis
1359 3220 1502 3307 signifer,

452 3323 509 3390 sed
532 3323 732 3411 expulerunt
755 3345 831 3390 eum
854 3329 888 3390 et
910 3329 1058 3412 posteros
1081 3324 1152 3410 ejus
1173 3324 1235 3388 filii
1259 3323 1421 3401 Hectoris,
1447 3323 1503 3388 ad-

451 3428 589 3516 juvante
623 3428 753 3494 Heleno
789 3432 909 3515 patruo
932 3450 1000 3507 suo,
1032 3429 1090 3515 qui
1113 3428 1275 3515 regnabat
1306 3429 1342 3492 in
1365 3427 1501 3494 Cherso-

451 3552 530 3597 neso
554 3535 630 3618 post
660 3531 862 3597 eversionem
891 3531 998 3618 Trojae
1021 3552 1108 3596 anno
1138 3548 1233 3610 xxv„
1258 3552 1324 3617 quo
1356 3534 1504 3617 tempore

452 3639 528 3719 post
561 3633 777 3722 Sampsonem
818 3633 911 3722 Hely
950 3633 1100 3700 saoerdos
1133 3633 1308 3720 judicabat
1345 3631 1501 3720 populum

452 3735 561 3802 Israel

496 3838 598 3905 Porro
621 3838 764 3925 qualiter
778 3838 900 3905 AEneas
916 3837 1051 3904 Italiam
1076 3843 1223 3917 venerat,
1239 3844 1274 3905 et
1296 3839 1354 3926 qui
1368 3837 1502 3904 fuerunt

452 3963 648 4008 sueoessores
682 3941 796 4008 ordine
836 3941 949 4008 debito
960 3939 986 3977 ¹⁰
1023 3941 1233 4028 postmodum
1270 3939 1502 4028 explioemus¹¹

451 4043 610 4132 Tempore
633 4067 697 4132 quo
722 4045 821 4132 Troja
843 4045 956 4111 diruta
978 4051 1037 4123 est,
1061 4043 1200 4111 Labdon
1228 4044 1318 4132 apud
1341 4044 1501 4112 Hebraeos

486 4349 494 4380 ¹
509 4346 621 4414 Ulyeeer]
645 4345 745 4398 Ulixes.
765 4345 828 4398 Ac.
846 4345 949 4398 Ulexes.
1030 4345 1155 4415 ‘meettq
1174 4359 1239 4400 eorr.
1256 4347 1391 4400 mechom.

451 4428 517 4480 B.D.
1031 4425 1221 4494 'Hermionnm]
1240 4427 1413 4480 Herimonam.
1447 4425 1478 4476 B.

484 4507 583 4573 'oeait]
601 4504 708 4558 invenit.
726 4505 792 4557 B.D.
1030 4506 1145 4563 'wiern
1156 4507 1222 4573 goe]
1241 4523 1291 4558 om.
1325 4507 1390 4557 B.D.

484 4586 619 4654 'tobcmd
638 4594 683 4637 eat
719 4586 751 4636 B.
1028 4583 1232 4652 'Camenarum
1299 4593 1403 4637 mortem
1439 4583 1500 4649 ejus.

483 4665 631 4734 *Epium
648 4663 741 4717 Eristo.
776 4662 909 4716 A.B.C.D.
997 4664 1054 4714 add.
1087 4665 1153 4716 Bm.

483 4744 692 4812 *aytanum
728 4743 910 4797 clithameura
1031 4743 1150 4813 ¹‘debito]
1169 4746 1264 4797 ordine.
1282 4747 1338 4798 add.
1357 4747 1386 4796 C.

449 4828 551 4881 A.C.D.
585 4825 778 4879 Chilhameetra
813 4825 843 4876 Β.
1031 4825 1047 4854 ¹¹
1060 4823 1486 4892 arpiicemoe]explieabimuaB.l)=
