3674 5800
641 913 823 964 nunocmu
845 913 1096 964 nrsrcnmacu.
1346 899 1388 964 93

743 1183 825 1252 Cur.
850 1184 991 1250 OXVII.

731 1374 782 1442 Dc
797 1373 835 1439 N
833 1373 990 1442 aduttum.

387 1563 594 1630 Nassum
632 1563 722 1632 Asiae
759 1569 811 1631 est
847 1564 1025 1653 provincia,
1056 1586 1078 1630 a
1114 1564 1285 1632 Nabaioth
1323 1565 1392 1634 filio
1405 1575 1532 1630 oruam-

345 1666 496 1732 Ismaclis
527 1667 574 1734 sic
603 1667 703 1748 dicta,
735 1673 770 1734 et
800 1674 851 1734 est
882 1669 971 1734 inter
994 1668 1154 1734 Arabiam
1185 1673 1220 1734 et
1250 1669 1390 1734 Indiam.
1404 1640 1478 1696 ‘hm‘

341 1769 457 1857 Surgit
494 1771 537 1835 ab
575 1769 745 1856 Euphrate
784 1775 818 1836 et
857 1771 1038 1858 porrigitur
1075 1793 1180 1858 usque
1218 1772 1261 1838 ad
1301 1771 1393 1837 Mare

343 1873 501 1938 Rubrum.
549 1871 624 1938 Hoc
661 1871 819 1954 Isidorus,
849 1872 936 1941 libro
974 1890 1030 1938 xv.
1093 1873 1155 1940 Est
1184 1874 1273 1940 enim
1303 1879 1394 1940 terra

341 1975 460 2041 fertilis
492 1974 653 2062 frugibus,
689 1974 860 2054 fructibus,
891 1975 1090 2063 pecudibus3
1123 1977 1274 2062 pretiosis
1311 1976 1394 2063 lapi·

342 2077 439 2143 dibus
476 2081 510 2142 et
547 2076 690 2142 metallis
727 2077 869 2158 referta3
914 2077 1017 2144 habet
1054 2078 1120 2143 duo
1164 2095 1198 2143 m
1237 2101 1390 2166 passuum

341 2179 376 2244 in
398 2177 582 2244 latitudine.
608 2177 778 2244 Montibus
808 2179 979 2245 inaccessis
1009 2180 1241 2258 circumdatur,
1272 2180 1389 2247 amne¹

342 2281 474 2347 fluente.
520 2280 594 2346 Hoc
610 2279 744 2360 Plinius,
762 2281 847 2348 libro
870 2298 916 2350 vr.
941 2281 1050 2361 xxix?
1073 2289 1108 2349 et
1131 2281 1292 2349 Οτοείιιε.3
1319 2285 1325 2299 ’

735 2599 816 2666 ΟΑΡ.
842 2599 1004 2666 CXVIII.

720 2789 771 2856 Dc
786 2787 1005 2878 Pampbptic.

386 2977 603 3058 Paurnms,
629 2978 743 3064 quiet
778 2979 906 3046 Isauria
936 2979 1066 3062 dicitur,
1097 3001 1136 3047 eo
1173 2981 1261 3068 quod
1298 2981 1393 3050 flatui
1405 2993 1524 3047 orrum-

340 3081 488 3145 omnium
503 3102 658 3146 aurarum
682 3080 729 3146 sit
751 3082 913 3168 exposita,
939 3087 979 3148 ut
1004 3081 1086 3148 dicit
1110 3083 1268 3150 isidorus.
1310 3063 1498 3152 Haecphyua

338 3182 510 3269 provincia
532 3183 642 3248 estin
666 3182 791 3248 Minori
813 3183 904 3265 Asia,
927 3189 962 3249 et
992 3184 1094 3250 habet
1125 3185 1241 3251 urbem
1273 3193 1392 3254 metra

340 3283 440 3369 polim
471 3305 546 3370 quae
576 3283 726 3351 Seleucia
755 3291 976 3373 nuncupatur,
1001 3309 1101 3373 quam
1132 3287 1301 3354 Seleucius
1323 3291 1393 3354 An·

339 3385 477 3465 tiochus,
494 3388 551 3472 qui
574 3385 786 3452 Antiochiam
802 3387 960 3466 condidit,
984 3389 1149 3455 fundavit.
1197 3391 1259 3456 Est
1281 3397 1392 3458 autem
1513 3393 1516 3399 “

339 3489 429 3576 regio
451 3490 619 3555 maritima
648 3490 737 3555 inter
767 3489 914 3558 Siciliam
941 3497 976 3558 ct
1003 3491 1207 3579 Bithyniam,
1231 3515 1337 3580 aqua
1356 3494 1391 3558 in

342 3589 474 3656 Italiam
499 3614 557 3678 per
581 3591 728 3679 Cyprum
752 3592 939 3680 navigatur.

751 3917 830 3984 Cur.
855 3863 975 3986 CXIX.

747 4108 797 4175 Dc
821 4108 991 4196 Pppmccu.

387 4295 546 4362 Pium
584 4301 635 4363 est
668 4297 760 4385 regio
793 4298 829 4362 in
863 4299 961 4366 India
993 4321 1110 4368 versus
1149 4299 1320 4368 Orientem
1357 4302 1516 4379 inosPyg-

343 4400 510 4467 montanis
555 4405 670 4466 contm
715 4400 883 4468 Oceanum
928 4403 1003 4481 sita,
1049 4404 1085 4468 in
1129 4425 1196 4490 qua
1238 4394 1476 4472 habitarum

379 4730 480 4796 Μυκη]
498 4711 628 4795 capram.
662 4729 728 4781 B.D.
926 4732 1015 4785 'xxia
1028 4740 1051 4784 et
1061 4731 1175 4799 Orosius]
1188 4733 1335 4786 etos-osius
1352 4740 1392 4786 29.

377 4809 482 4874 ’aar'xJ
501 4817 534 4860 et.
547 4824 633 4873 pram.
668 4810 701 4859 D.
893 4809 924 4860 B.
