3696 5794
454 889 518 952 186
752 902 933 952 senodum
955 901 1206 952 sismusinum.

452 1072 578 1152 fratres,
601 1075 705 1142 serem
739 1075 833 1142 iilam
864 1097 932 1142 non
963 1077 1121 1142 feminam
1143 1073 1292 1142 audetis¹
1318 1075 1500 1156 defendere,

451 1199 525 1262 quoe
540 1178 644 1242 filium
668 1201 764 1244 suum
786 1199 897 1266 regem
913 1179 1109 1256 diffamavit
1126 1199 1200 1264 quse
1222 1177 1383 1244 amasium
1404 1197 1501 1243 suum

452 1279 613 1345 lubricum
630 1279 822 1346 Christum*
838 1279 999 1347 Domini¹
1014 1279 1225 1362 nominavit,⁴
1239 1301 1314 1366 quae
1335 1281 1373 1344 in
1387 1301 1500 1346 netem

451 1381 512 1446 filii
544 1383 596 1448 sui
619 1381 748 1449 Aifrsdi
781 1383 976 1464 consulerit,
999 1405 1074 1470 quae
1096 1403 1262 1449 venenum
1295 1383 1367 1469 regi
1387 1387 1501 1448 nostro

452 1483 616 1550 Edwardo
638 1485 837 1571 procuravit,
861 1505 992 1572 exque
1022 1487 1081 1550 ills
1109 1485 1186 1551 vuit
1206 1485 1394 1572 pontificem
1424 1505 1502 1571 pur·

451 1609 537 1674 gere,
564 1587 639 1673 quis
661 1607 734 1652 sem
758 1611 779 1652 e
801 1587 925 1653 talibus
947 1588 1111 1675 impositis
1133 1588 1315 1675 purgabitt
1352 1587 1389 1652 Si
1412 1586 1501 1652 enim

452 1711 511 1776 pro
541 1689 692 1777 episeopo
721 1695 865 1776 quatuor
904 1711 1020 1778 pessus
1049 1695 1085 1757 st
1114 1709 1175 1778 pro
1206 1691 1317 1776 seipse
1347 1690 1500 1774 quinque,

452 1797 492 1856 ut
516 1793 606 1878 prius
628 1791 802 1870 asserebat
819 1813 917 1880 super
930 1811 1051 1859 novem
1066 1792 1192 1880 ignitos
1214 1787 1388 1858 vomeres⁶
1402 1791 1502 1857 nudis

451 1895 590 1980 pedibus
630 1899 665 1960 et
698 1893 805 1981 plenis
835 1895 985 1982 vestigiis
1021 1893 1186 1976 transire,⁰
1215 1893 1259 1961 eb
1289 1892 1500 1981 impetitione

451 1997 516 2062 iste
538 1996 690 2062 absolute
713 1995 842 2062 evadet.

497 2098 687 2187 Prsefigitur
708 2097 796 2164 illico
830 2099 993 2166 examinis
1027 2099 1098 2165 dies
1135 2115 1201 2186 quo
1231 2117 1291 2164 rex
1321 2103 1356 2164 et
1390 2097 1501 2164 meteri

450 2223 607 2289 proceres,
650 2207 787 2288 exeepto
821 2201 890 2268 solo
925 2201 1080 2282 Robert0‚
1113 2205 1346 2268 eonvenemnt
1395 2199 1503 2265 Noets

450 2301 670 2390 prseeedenti⁷
686 2303 774 2369 diem
785 2301 904 2390 judieii
917 2305 959 2368 ed
973 2301 1179 2390 sepulehnrm
1196 2303 1310 2369 Seneti
1327 2299 1502 2367 swithini⁸

451 2405 487 2470 in
516 2403 749 2471 orationibus⁰
778 2406 891 2493 regine
930 2407 1050 2472 Emme
1088 2403 1259 2493 vigilabat
1320 2403 1386 2469 Die
1396 2401 1421 2440 ¹⁰
1450 2423 1502 2469 se·

451 2507 568 2594 quenti
598 2507 686 2572 inter
715 2507 797 2572 duos
835 2508 1001 2594 episcopos
1042 2507 1185 2572 deducte
1224 2505 1344 2571 Emme
1381 2503 1502 2570 velatis

451 2610 552 2676 oeulis
583 2610 707 2696 ignitos
747 2629 896 2676 vomeres
937 2631 1057 2676 novem
1095 2609 1145 2674 nil
1184 2609 1263 2674 laess
1299 2607 1500 2695 pertransiit.

452 2711 623 2778 Gressibus
653 2711 797 2798 perdetis
835 2711 924 2778 dixit
963 2711 1078 2799 regine
1115 2709 1291 2798 ejulando:
1341 2710 1370 2776 0
1401 2709 1501 2788 Deus,

450 2813 582 2900 quando
622 2813 793 2880 veniemus
841 2813 884 2878 sd
925 2817 1112 2880 vomerest
1168 2812 1261 2878 Tune
1302 2830 1362 2876 rex
1409 2811 1501 2897 inge-

450 2917 588 2982 miseens
629 2921 664 2980 et
693 2917 825 2982 veniam
855 2921 970 3003 petens
1008 2913 1199 3002 disciplinae
1215 2911 1238 2951 ¹¹
1270 2913 1313 2980 eb
1343 2911 1502 3000 episeopis

450 3024 485 3084 et
514 3023 620 3083 matre
650 3039 758 3083 eorem
797 3017 888 3083 omni
918 3015 1039 3105 populo
1078 3021 1252 3105 gratanter
1281 3017 1432 3102 suseepit,
1462 3019 1499 3080 et

450 3121 561 3184 onmia
600 3119 712 3185 ablate
750 3120 794 3185 ab
835 3121 987 3206 episeopo
1027 3119 1185 3186 restituit
1247 3115 1348 3186 Unde
1386 3117 1501 3205 regins

450 3221 544 3288 dedit
574 3221 695 3288 Sancto
726 3221 894 3288 Swithino
910 3220 936 3258 ¹⁸
965 3241 1086 3288 novem
1116 3219 1264 3286 merseris
1286 3241 1346 3308 pro
1369 3236 1417 3286 lx.
1443 3241 1502 3285 vo-

450 3325 593 3389 meribus
623 3329 658 3389 et
679 3325 848 3411 episeopus
870 3325 1010 3391 totidem
1032 3345 1075 3390 ex
1097 3329 1191 3410 perte
1212 3343 1280 3388 sun
1336 3321 1501 3390 Robertus

450 3427 490 3492 ds
520 3425 645 3514 Anglie
673 3425 802 3514 fugiens
832 3425 936 3493 eit0¹⁸
958 3431 1034 3514 post
1064 3431 1170 3492 morte
1203 3425 1316 3492 subite
1352 3443 1501 3512 praeven·

449 3534 505 3594 tus
526 3529 662 3594 interiit.

496 3637 584 3702 Acte
614 3639 693 3701 sunt
722 3635 793 3703 haee
822 3635 858 3701 in
891 3655 978 3704 enno
1009 3633 1147 3703 Domini
1169 3647 1298 3716 mvn„
1321 3633 1499 3702 seeundum

451 3735 617 3804 Historias
641 3737 825 3805 Britonum.

1309 3942 1498 3952 ...ἡ-ιι·-

483 4077 612 4148 ¹aedetis]
632 4083 715 4162 sudes.
752 4079 783 4133 B.
1030 4073 1183 4146 'Swittr'nfl
1203 4073 1337 4146 suthini.
1367 4075 1398 4130 B.

482 4160 641 4227 'Ctrtrtrnj
669 4161 746 4228 Xpm.
774 4159 808 4213 A.
848 4157 952 4212 TneX
1028 4158 1425 4226 'metuitu]or....tus
1453 4157 1497 4222 A„

449 4239 690 4292 eruedorrnbbed.
995 4240 1099 4290 rubbed.

483 4315 620 4384 'Dominss
639 4307 691 4370 dii.
708 4317 751 4378 A„
768 4317 811 4370 the
829 4319 839 4367 ι’
857 4318 951 4384 clearly
1029 4317 1213 4370 ¹⁰Mirandum
1229 4317 1260 4369 de
1282 4317 1437 4384 purgatione.
1470 4315 1497 4365 in

449 4398 575 4448 reeented
994 4411 1072 4462 marg.
1090 4397 1120 4448 B.

484 4476 647 4542 imminuerit]
668 4474 846 4528 denominavit.
878 4475 909 4526 B.
1029 4477 1045 4506 ¹¹
1059 4475 1216 4542 disciplinas]
1235 4474 1402 4540 diseiplinem.
1431 4473 1497 4524 B.D.

484 4555 619 4621 θωνα]
659 4554 775 4607 voluerit
816 4555 872 4607 edd.
917 4553 948 4606 B.
1028 4555 1047 4585 ¹²
1058 4553 1124 4606 dedit
1137 4555 1228 4605 Sancto
1239 4553 1371 4620 Swittise]
1390 4569 1441 4604 om.
1457 4553 1500 4613 Β.,

448 4633 536 4684 voluit.
555 4633 611 4682 edd.
627 4631 661 4683 D.
993 4633 1073 4684 added
1089 4633 1116 4683 in
1133 4647 1213 4698 mer-g.
1231 4633 1262 4683 B.
1273 4633 1324 4684 end
1343 4633 1454 4684 referred
1469 4638 1497 4682 to

480 4711 619 4776 ἐκπίῃ]
637 4710 772 4762 mbulsre
806 4707 837 4760 B.
993 4711 1025 4763 its
1035 4713 1105 4777 praee
1116 4713 1266 4778 bytteret

481 4789 656 4859 vpmetent]
675 4791 838 4855 precedente.
872 4785 904 4840 B.
1026 4791 1115 4858 ¹⁸cito]
1133 4789 1217 4844 subito
1233 4798 1265 4844 et.
1281 4805 1370 4858 prem.
1398 4789 1429 4844 lt
