3656 5800
601 851 784 908 tumultui
806 849 1052 910 fflsroaunmt
1288 847 1353 912 259

301 1028 403 1096 Pater
424 1027 566 1098 Noatcr.¹
613 1028 734 1100 Postea
757 1030 898 1099 Romam
912 1031 1049 1100 venians
1072 1031 1222 1101 Marcum
1243 1033 1353 1100 Evan-

299 1132 451 1220 gelictam
472 1131 566 1202 misit
579 1133 616 1198 in
635 1133 822 1222 AEgyptum
844 1134 888 1202 ad
911 1133 1060 1204 Verbum
1083 1134 1149 1202 Dei
1171 1137 1352 1224 pradican-

300 1234 380 1300 dum
402 1236 491 1322 quod
512 1237 691 1324 scripserat
1091 1220 1101 1244 ⁹

689 1537 769 1606 Otr.
794 1537 960 1608 XXVIII.

345 1729 584 1817 0m[o]oms⁹
613 1729 718 1818 igitur
748 1729 916 1796 resociatis
949 1731 1018 1796 cuis
1052 1730 1223 1797 civitatem
1246 1731 1352 1798 Kaer·

298 1833 386 1918 peric
431 1833 632 1919 deballavit:
679 1854 766 1898 nuno
812 1831 947 1897 autcm⁸
994 1831 1178 1900 Porceatria
1222 1834 1351 1902 dicitur.

299 1935 427 2001 Moenia
441 1935 589 2001 civitatis
614 1935 776 2012 dnuebat,
799 1939 833 2000 at
855 1935 972 2000 villam
995 1937 1129 2001 omnino
1151 1937 1353 2023 prostrabat,
1373 1978 1374 1981 =

298 2037 500 2125 Aruiragum
526 2060 630 2128 usqua
660 2037 879 2124 Wyntcniam
901 2039 1122 2130 insequendo:
1149 2039 1354 2128 Kaergwcnt

297 2145 379 2207 tunc
401 2141 589 2208 vocabatur.
636 2141 818 2229 Aruiragus
842 2143 956 2206 autam
971 2141 1088 2207 videns
1109 2143 1218 2230 ipsum
1243 2165 1264 2208 a
1288 2144 1355 2209 Ro·

297 2244 404 2310 mania
427 2243 602 2323 obsessum,
619 2244 743 2332 apertis
764 2243 871 2331 portis
893 2243 1037 2311 virilitor
1051 2266 1125 2310 cum
1148 2245 1216 2312 suis
1237 2247 1352 2327 exivit,

297 2369 505 2434 congressum
520 2369 595 2413 cum
612 2347 751 2414 Claudio
765 2347 878 2414 volens
894 2348 1048 2414 excitare.
1081 2347 1247 2430 Claudius,
1260 2350 1354 2416 milon

296 2451 453 2538 providus
474 2455 508 2517 et
530 2451 698 2530 discretus,
716 2471 755 2516 ca
770 2473 845 2538 quae
867 2450 956 2538 pacis
970 2455 1050 2516 sunt
1073 2451 1215 2538 rogavit,
1233 2451 1354 2519 timens

298 2553 474 2619 Britonum
509 2553 680 2619 audaciam
710 2558 745 2619 ct
774 2553 1004 2619 fortitudinem
1035 2559 1069 2618 et
1099 2554 1352 2622 animositatem.

297 2655 481 2722 Nuntiavit
512 2656 675 2744 Arvimgo
706 2656 795 2742 quod
825 2656 854 2722 ai
884 2656 1093 2721 Britanniam
1123 2657 1164 2722 do
1195 2659 1354 2724 Romanis

296 2763 426 2824 teneret
449 2757 555 2825 filiam
579 2781 681 2838 suam,
698 2757 854 2824 nominc⁴
881 2758 1070 2839 Gewisam‚⁶
1096 2759 1353 2847 pulchritudinis

297 2863 500 2928 admirandae
527 2863 591 2928 cibi
614 2863 709 2927 daret
731 2861 768 2926 in
791 2862 972 2950 conjugem.
1020 2860 1082 2928 Illo
1102 2885 1181 2929 voro
1204 2865 1352 2952 graviter

295 2965 409 3044 ferens,
426 2964 484 3030 scd
498 2965 634 3032 tandem
648 2965 756 3029 victus
771 2985 866 3051 prece
882 2964 1068 3048 Britonum‚
1086 2965 1221 3032 consilio
1237 2989 1349 3034 corum
1362 2987 1503 3056 affingas

297 3069 417 3156 paruit,
442 3074 476 3136 ct
498 3072 580 3134 tunc
602 3090 623 3132 a
645 3067 839 3132 Britonibus
863 3071 1039 3144 coronatur
1061 3068 1097 3132 in
1120 3091 1237 3157 rogem.
1361 3057 1467 3176 {iffi

343 3172 453 3238 Missis
482 3172 586 3260 igitur
626 3171 751 3236 nuntiis
781 3169 921 3236 Romam
959 3175 1033 3256 poat
1071 3170 1176 3237 filiam
1208 3171 1348 3252 Claudii,
1460 3161 1467 3176 ’

295 3275 373 3362 ipse,
397 3273 522 3342 auxilio
553 3273 712 3361 Arviragi
742 3271 850 3353 freto,⁰
883 3272 1024 3338 Orcades
1047 3277 1081 3338 ot
1114 3274 1236 3341 multas
1269 3276 1351 3340 alias

294 3377 426 3458 marlae,
443 3375 606 3464 quorum'
628 3375 762 3442 nomina
784 3379 863 3440 sunt
885 3374 1006 3461 ignota,
1024 3397 1082 3440 suo
1106 3376 1251 3444 dominio
1274 3377 1350 3444 sub-

291 3479 431 3568 jugavit
494 3479 636 3545 Emenoa
665 3477 784 3543 deindo
814 3477 933 3562 hyeme
959 3476 1129 3542 redierunt
1147 3468 1253 3566 l'cgatl
1276 3502 1350 3544 oum

295 3581 365 3646 filia
402 3603 537 3668 eamque
574 3580 662 3667 patri
699 3579 914 3645 tradidenmt
970 3577 1087 3645 Tantae
1109 3577 1174 3646 fuit
1206 3580 1351 3668 pulchri-

295 3682 421 3749 tudinis
443 3689 482 3750 ut
503 3685 669 3750 intuentes
703 3682 740 3746 in
774 3679 1026 3746 admirationem
1048 3679 1147 3748 duxit
1158 3680 1179 3762 3⁸
1211 3704 1349 3770 cumque

294 3785 366 3872 lego
388 3785 533 3852 maritali
556 3784 708 3872 copulata
729 3781 816 3849 suit⁹
833 3775 927 3848 tanto
947 3782 1068 3848 amorio
1089 3783 1216 3852 fervore
1239 3807 1350 3874 regem

295 3887 463 3953 succendit
484 3887 533 3954 ita
562 3893 602 3952 ut
631 3887 737 3973 ipsam
759 3885 862 3953 colam
894 3885 1021 3950 cunctis
1043 3885 1141 3951 rebus
1172 3887 1348 3974 praelerret
1453 3951 1456 3956 .

298 3989 452 4078 Oopulati
485 4010 562 4077 crgo
593 3987 728 4055 fuerunt
757 3989 794 4052 in
827 3988 969 4074 quadam
1006 3987 1093 4053 vallo
1130 3989 1349 4075 pulcherrima

291 4092 390 4180 juxta
426 4114 545 4180 aquam
591 4090 773 4171 Sabrinam,
813 4090 849 4155 in
894 4088 1077 4158 confinibus
1115 4090 1278 4162 Domcoiae
1314 4097 1349 4160 et

330 4479 441 4530 ¹Petrus
483 4479 630 4544 Apostolus.
664 4479 693 4528 ln
720 4493 801 4546 marg.
879 4486 1039 4556 ‘Geminam
1060 4491 1211 4558 Gcwyriam.
1245 4493 1275 4545 B.

298 4559 368 4610 Al).
878 4567 977 4634 ‘freto]
997 4569 1083 4621 stetur.
1117 4571 1181 4622 Β.Ι).

332 4637 490 4704 ’(Παιιᾱίαε]
509 4638 633 4692 clauim·
651 4638 686 4692 Δ.
878 4648 1007 4712 'quomod
1025 4665 1139 4714 quarum.
1174 4653 1239 4704 Β.Ι).

330 4719 414 4768 'nunc
429 4719 520 4786 aaran]
540 4733 682 4785 quantur.
716 4719 780 4773 Β.Ι).
879 4725 984 4792 ⁸‹lurr't]
1004 4729 1113 4780 duceret.
1148 4730 1212 4782 Β.Ι).

329 4797 463 4866 ‘cuulad
484 4813 538 4850 om.
570 4797 636 4850 Β.Ι).
881 4805 964 4872 ’[ιιίί]
983 4806 1073 4860 litarat.
1106 4809 1142 4860 Ι).

1143 4893 1214 4955 32
