3590 5844
364 921 366 928 ,
481 867 547 932 380
779 881 961 933 amoorou
984 871 1233 934 numerosum

525 1055 575 1120 At
597 1077 671 1120 oum
704 1071 768 1120 ΧΗ.
803 1056 927 1123 annos¹
965 1063 1041 1146 post
1070 1062 1242 1145 sumptum
1271 1055 1424 1122 diadema
1445 1075 1534 1142 prae·

481 1156 634 1224 terisset⁸
656 1157 693 1224 in
723 1157 952 1224 infirmitatem
983 1159 1100 1226 oecidit
1133 1165 1169 1226 et
1201 1158 1297 1226 civile
1331 1157 1531 1224 disoordium

480 1258 567 1323 inter
589 1259 744 1326 Britones
766 1265 919 1326 exortum
942 1266 1000 1328 est
1063 1261 1172 1328 Mater
1194 1260 1264 1348 ejus
1286 1257 1409 1327 merae
1439 1278 1532 1324 soror

480 1359 643 1426 Peandae⁴
674 1383 716 1427 ex
750 1361 854 1428 nobili
882 1385 1001 1450 genere
1025 1361 1274 1430 Gewiseorum⁶
1304 1383 1440 1448 eamque
1463 1382 1531 1426 me·

479 1469 626 1528 moratus
660 1485 719 1530 rex
752 1463 923 1530 Oadwallo
957 1471 1033 1554 post
1064 1465 1186 1532 factam
1221 1487 1296 1532 oum
1318 1463 1420 1530 fratre
1451 1484 1530 1528 oon·

479 1563 649 1630 coniiam⁸
670 1565 706 1630 in
729 1565 919 1632 societatem
950 1569 1017 1632 tori
1041 1565 1193 1656 aooepit⁷
1216 1573 1251 1634 et
1274 1563 1531 1632 Oadwaladrum

479 1688 521 1732 ex
544 1665 623 1732 illa⁸
644 1669 824 1754 generavit

525 1767 695 1848 Quomodo
730 1791 806 1858 ergo
840 1779 879 1836 ut
913 1771 1021 1838 dicere
1054 1793 1217 1861 ooeperam
1250 1773 1425 1859 ingruente
1463 1769 1531 1834 dis·

478 1871 589 1936 cordia
625 1871 815 1938 afficiuntur
853 1871 1007 1940 Britones
1051 1881 1086 1940 et
1130 1875 1294 1961 quomodo
1338 1871 1531 1960 opulentam

479 1974 619 2060 patriam
642 1973 832 2040 detestabili
855 1975 992 2042 discidio
1014 1976 1200 2042 destruunt

316 2085 448 2138 Ammine
524 2075 695 2142 Accessit⁰
717 2081 828 2142 autem
860 2083 896 2142 et
929 2077 1021 2142 aliud
1054 2077 1282 2156 infortunium,
1316 2077 1394 2164 quia
1425 2076 1530 2141 fames

477 2177 550 2242 dira
571 2201 609 2244 ao
622 2177 647 2216 ¹⁰
669 2178 887 2245 famosissima
909 2181 1080 2267 insipienti
1103 2181 1224 2270 populo
1247 2181 1396 2259 amasio,
1419 2183 1459 2244 ut
1481 2179 1531 2243 ita

478 2279 613 2346 totius¹¹
630 2279 695 2347 oibi
710 2281 932 2348 sustentaculo
948 2303 1086 2369 quaeque
1098 2289 1317 2350 vacuarentur
1328 2278 1530 2370 provincia¹²

478 2387 617 2470 excepto
640 2383 854 2452 venatoriae¹⁸
877 2385 959 2450 artis
993 2385 1119 2452 solatio.
1167 2385 1276 2466 Quam
1299 2405 1377 2450 vero
1407 2384 1528 2448 famem

313 2518 363 2568 aad
373 2531 428 2582 1²0⁸·
478 2485 667 2572 pestiferam
698 2487 817 2554 mortis
847 2487 917 2552 lues
951 2492 1128 2554 consecuta
1161 2495 1220 2566 est,
1256 2509 1330 2574 quae
1361 2485 1398 2552 in
1434 2485 1530 2551 brevi

313 2584 411 2634 silence„
478 2593 608 2652 tantam
646 2588 759 2676 populi
796 2589 1050 2656 multitudinem
1096 2591 1216 2656 stravit
1262 2593 1422 2675 quantam
1456 2586 1529 2652 vivi

478 2711 545 2754 non
568 2695 722 2776 poterant
746 2697 893 2758 mortuos
910 2689 934 2728 ¹⁴
958 2691 1104 2771 humare,
1118 2693 1205 2758 unde
1227 2693 1355 2758 misere
1381 2689 1529 2776 reliquie

477 2789 573 2856 saetis
594 2792 738 2878 patriam
760 2795 950 2880 agminibus
972 2795 1174 2882 difi'ugentes
1189 2794 1427 2860 transmarinas
1442 2799 1529 2880 pete

478 2891 561 2958 bant
583 2893 732 2980 regiones
755 2917 832 2961 oum
854 2896 987 2962 ululatu
1011 2919 1132 2984 magno
1154 2897 1216 2963 sub
1238 2897 1386 2962 velorum
1402 2895 1531 2962 sinibus

313 3019 455 3070 Candaule
477 2993 539 3060 hoo
561 2995 660 3062 modo
683 3003 855 3064 contantes
877 3003 912 3064 et
935 2999 1103 3080 dicentem
1137 3000 1206 3088 ipse
1237 3000 1338 3065 etiam
1360 3021 1420 3064 rex
1443 2997 1531 3066 Cad-

311 3095 447 3204 ‘Arma
478 3097 641 3164 woladrus
675 3120 750 3164 oum
789 3101 924 3189 navigio
965 3102 1146 3168 miserabili
1178 3102 1384 3168 Armoricam
1415 3105 1531 3188 petens

448 3189 453 3201 ’
478 3200 674 3288 praediotum
696 3201 868 3288 planctum
891 3204 952 3272 hoo
975 3205 1074 3272 modo
1096 3203 1306 3292 augebat:-

523 3300 619 3368 Vae¹⁶
641 3302 738 3369 nobis
760 3307 985 3392 peecatoribus
1014 3308 1057 3373 ob
1088 3307 1246 3374 immania
1273 3305 1393 3373 seelera
1415 3311 1531 3373 nostro

478 3406 598 3491 quibus
632 3405 742 3471 Deum
775 3407 973 3476 offendimus
1015 3409 1096 3476 dum
1135 3409 1343 3498 poenitentiae
1384 3409 1531 3497 spatium

477 3508 693 3574 habebamus!
731 3507 900 3576 Incumbit
922 3533 1000 3598 ergo
1016 3512 1105 3578 illius
1119 3511 1144 3549 ¹⁰
1158 3513 1332 3602 potestatis
1354 3511 1440 3577 ultio
1455 3533 1530 3597 quse

478 3633 537 3676 nos
568 3631 609 3676 ex
632 3609 735 3676 natali
766 3611 836 3678 solo
849 3610 874 3650 ¹⁷
896 3615 1050 3702 extirpet,
1075 3637 1156 3702 quos
1186 3637 1245 3682 neo
1277 3615 1355 3680 olim
1387 3613 1532 3680 Romani

478 3735 537 3779 nee
564 3713 682 3778 deinde
714 3713 821 3780 scotti
844 3715 898 3780 vel
921 3715 1015 3796 Picti,
1043 3715 1137 3784 neo¹⁸
1163 3723 1307 3784 versutas
1333 3717 1531 3804 proditionis

514 3995 622 4062 ¹wm]
642 3996 748 4047 Altered
765 3997 800 4062 by
811 4011 910 4050 erasure
930 3997 1007 4063 into¹
1063 4001 1079 4032 ¹¹
1092 4001 1177 4068 totius]
1197 4001 1254 4053 sibi.
1266 4017 1353 4068 pram.
1364 4005 1395 4054 B.
1429 4005 1531 4056 mosset

479 4074 576 4124 unniin
594 4073 625 4126 B.
658 4078 680 4126 i.
716 4075 749 4125 Ι).
1004 4089 1078 4132 ιουῐ.

511 4155 522 4184 ¹
529 4154 690 4222 preterisset]
708 4155 882 4220 prutemsseut
916 4157 1006 4217 Βάλε
1061 4161 1229 4228 ”proviae-ia]
1248 4161 1391 4227 provincia.
1425 4159 1495 4214 RD.

512 4233 628 4298 'smssfl
649 4233 705 4284 fust·
739 4233 803 4286 RD·
1003 4228 1006 4262 ¹
1061 4251 1234 4319 ¹⁸reuutorioe]
1253 4261 1379 4305 venatore.
1411 4255 1444 4305 B.

515 4311 656 4377 ‘Peasdoel
676 4311 779 4364 Perde·
813 4313 847 4366 D·
1061 4343 1530 4412 ¹·aatuoe]1nter1inedinn.om.

512 4467 699 4580 :mensam
718 4469 878 4522 discordiam·
913 4473 979 4526 RD·
1059 4517 1078 4546 ¹⁵
1087 4517 1162 4568 Nou,
1175 4516 1202 4568 in
1213 4532 1291 4585 marg.
1327 4519 1394 4570 AD·

532 4549 641 4616 mmo]
660 4550 777 4615 suscepit
811 4551 845 4602 D·

511 4629 591 4696 eppa]
610 4643 648 4681 „A
681 4629 714 4680 1)¹
1058 4607 1077 4638 ¹⁸
1087 4626 1142 4676 erpo
1153 4608 1231 4677 illius]
1250 4611 1329 4677 igitur
1339 4611 1424 4678 ipsius
1460 4608 1530 4666 BD.

512 4655 1343 4818 ·mmfflw.5wmmn

515 4788 735 4857 wem.
998 4793 1307 4861 .ufflmw.

512 4388 711 4456 ‘Genuum
731 4391 919 4458 Gevyseorum.
930 4395 963 4446 Β.
1025 4423 1091 4474 RD·
