3674 5800
801 861 984 916 someron
1007 863 1255 917 mercelinum.

936 1259 1015 1326 Car.
1042 1258 1102 1324 VI.

921 1473 971 1540 Dc
997 1473 1107 1540 Locis.

335 1695 456 1754 oflakea
530 1669 645 1755 'SUNT
675 1693 786 1754 autem
809 1693 844 1753 et
867 1688 1019 1772 quaedem
1052 1688 1158 1752 marie
1180 1709 1255 1774 quae
1271 1708 1339 1754 non
1369 1687 1552 1754 miscentur

503 1791 625 1858 Oceani
655 1791 818 1870 fluetibus,
853 1795 913 1856 aut
943 1789 1032 1854 Mari
1064 1790 1197 1876 Magno,
1228 1797 1263 1856 et
1294 1791 1451 1857 dicuntur
1490 1789 1552 1855 laci

500 1893 557 1960 et¹
581 1900 707 1981 stagna
754 1893 858 1958 Lacus
880 1892 1003 1958 dicitur
1033 1893 1275 1979 receptacuium
1305 1893 1341 1956 in
1371 1914 1436 1980 quo
1466 1914 1552 1978 aque

499 1997 668 2074 retinetur,
703 2017 763 2062 nec
793 1993 949 2060 fluctibus
982 1994 1148 2076 miscetur,
1175 1999 1215 2060 ut
1249 1993 1355 2060 Lectis
1385 1993 1550 2082 Asphalti,

499 2099 604 2164 Lacus
628 2099 784 2178 Benacus
802 2102 838 2163 et
858 2093 999 2175 Larius,⁸
1021 2101 1055 2163 et
1078 2096 1188 2163 eaeteri
1211 2119 1292 2182 quos
1314 2097 1420 2164 Graeci
1442 2096 1551 2162 liesca

497 2207 627 2283 vocant,
649 2202 685 2268 id
714 2205 773 2281 est,
805 2207 927 2286 stoque
937 2224 952 2281 ;
986 2204 1021 2266 et
1052 2199 1175 2266 dicitur
1206 2199 1303 2267 acra
1333 2199 1426 2286 quasi
1456 2221 1550 2286 aquae

497 2303 597 2370 locus.
660 2303 864 2392 Asphaitum
887 2302 982 2390 quasi
1017 2301 1111 2368 Mare
1143 2303 1315 2369 Mortuum
1348 2302 1478 2380 dicitnr,
1511 2323 1550 2368 eo

498 2412 587 2496 quod
620 2411 706 2476 nihil
735 2411 843 2497 gignit
873 2411 998 2488 vivum,
1022 2431 1130 2494 neque
1160 2409 1267 2475 vitem
1293 2407 1470 2475 habentem
1500 2431 1549 2499 re-

496 2514 587 2600 cipit,
618 2512 694 2578 sed³
726 2518 760 2578 et
791 2533 994 2598 quaecuuque
1024 2513 1204 2598 mergenda
1235 2511 1317 2577 vive
1345 2533 1550 2597 quacumque

497 2619 655 2703 experte
677 2615 867 2694 tentaveris,
892 2615 1007 2681 statim
1030 2613 1186 2681 resiliunt
1211 2620 1247 2681 et
1277 2614 1428 2701 quamvis
1451 2615 1550 2680 vehe-

497 2723 627 2783 menter
648 2717 736 2784 illisa
762 2717 933 2784 confestim
957 2717 1181 2784 excutiuntur.
1228 2715 1295 2784 Sed
1312 2738 1420 2804 neque
1441 2717 1551 2783 ventis

497 2826 658 2902 movetur,
679 2820 851 2886 resistente
877 2819 1068 2886 turbinibus
1091 2819 1264 2896 bitumine,
1288 2841 1394 2906 neque
1416 2819 1553 2908 naviga·

497 2922 624 2989 tionis⁴
638 2923 769 3009 petiens
793 2929 843 2990 est
864 2923 942 3009 quia
964 2921 1077 2988 omnia
1096 2922 1171 2988 vita
1191 2923 1338 2988 carentia
1359 2922 1396 2988 in
1419 2921 1553 3010 profun-

497 3026 578 3091 dum
607 3031 812 3114 mergrmtur.
869 3027 1052 3092 Lucernam
1090 3046 1257 3092 accensam
1291 3026 1404 3092 fertmt
1441 3047 1552 3112 super·

496 3133 622 3210 natare,
654 3128 805 3194 extincto
846 3127 973 3194 lumine
1011 3127 1127 3194 statim
1157 3127 1304 3214 demergi
1317 3124 1349 3208 3⁶
1393 3127 1551 3214 quicquid

495 3230 669 3297 bituminis
692 3237 743 3298 est
772 3231 916 3298 libenter
945 3229 1070 3318 recipit
1126 3229 1316 3317 Longitudo
1346 3229 1416 3316 ejus
1447 3251 1551 3316 usque

495 3333 539 3398 ed
568 3334 678 3400 vicina
710 3333 928 3400 Sodomorum
958 3333 1077 3399 stadiis
1106 3349 1156 3398 οἱ.
1192 3333 1343 3418 quinque.
1390 3331 1550 3398 Latitudo

494 3457 597 3522 usque
612 3435 656 3502 ad
672 3435 793 3502 Zoeros
809 3435 946 3504 Arabiae
961 3435 1134 3501 continens
1149 3433 1275 3500 stadios
1297 3450 1374 3504 occ.
1391 3438 1426 3499 et
1440 3449 1547 3500 nxxx.

540 3539 646 3604 Lacus
661 3537 846 3606 Tiberiadis
869 3539 905 3603 in
928 3538 1055 3616 Judeea
1073 3559 1173 3624 quam
1197 3537 1345 3604 Herodes
1362 3537 1484 3604 Junior
1507 3537 1549 3604 ob

493 3641 649 3708 honorem
677 3641 801 3706 Tiberii
832 3641 971 3708 Gesseris
997 3641 1156 3720 condidit,
1189 3639 1232 3705 ad
1262 3641 1403 3706 salutem
1436 3661 1547 3728 corpo·

493 3765 567 3808 rum
594 3744 747 3809 omnibus
771 3743 942 3824 salubrior,
966 3743 1139 3810 continens
1161 3741 1200 3807 in
1221 3741 1403 3810 latitudine
1416 3741 1549 3810 stadia⁰

494 3862 577 3924 exn,
601 3847 639 3912 in
660 3845 972 3934 longitudine-xm
1001 3847 1038 3911 in
1065 3845 1167 3913 Sacra
1189 3844 1361 3932 Scriptura
1384 3844 1548 3913 vocatur⁷

494 3949 640 4015 Genesar
661 3949 716 4015 vel
739 3949 832 4015 Mare
855 3948 1048 4016 [tiberiadis.

536 4051 641 4119 Lacus
672 4051 820 4119 Benacus
841 4053 878 4118 in
902 4051 1004 4118 Italia
1030 4055 1065 4118 et
1087 4049 1231 4120 Venetia
1260 4073 1303 4118 ex
1334 4073 1401 4139 quo
1421 4049 1544 4119 fluvius

1013 4277 1163 4285 ...ι-..ψῃ
1192 4277 1219 4284 --

528 4431 584 4498 ¹et]
603 4431 652 4484 vel.
686 4431 718 4484 B.
1074 4429 1210 4499 'doanqss
1229 4431 1390 4499 demergitur.
1407 4429 1473 4482 B.D.
1491 4427 1547 4482 me

529 4537 539 4566 ι
549 4534 658 4602 lam]
676 4535 768 4588 bam
791 4531 856 4589 BJ).
1039 4512 1196 4642 &garram
1213 4512 1253 4562 sor
1272 4529 1303 4562 ar
1321 4513 1344 4562 is
1363 4512 1444 4564 added
1467 4511 1547 4562 abore

527 4641 782 4694 'Debiortuobiui
798 4639 996 4708 inmmffl.
1079 4669 1194 4738 emm]
1214 4669 1314 4724 suffia·
1346 4671 1412 4724 B.D.

528 4746 723 4815 ‘metuatioaisJ
734 4747 916 4814 navigantibus.
932 4748 997 4800 RD.
1076 4751 1211 4816 'amared
1230 4759 1338 4804 notatur.
1371 4750 1403 4804 B.
1493 4757 1497 4764 '
