3656 5800
467 839 531 903 218
766 857 950 910 uninomia
972 857 1220 910 musonianus

461 1033 625 1100 genuenint,
643 1030 695 1087 sibi
715 1031 744 1086 in
764 1033 905 1089 montibus
925 1051 1051 1090 oavmnaa
1070 1035 1258 1090 subtmaneas
1276 1034 1414 1102 facientes,
1432 1037 1518 1092 foveis

461 1113 605 1184 profundis
623 1119 651 1171 ct
668 1115 755 1172 muris
773 1119 918 1173 contractis
940 1118 1177 1176 circumdederunt
1207 1119 1331 1192 undique
1349 1126 1377 1176 et
1394 1139 1517 1176 marava-

460 1201 527 1252 runt
544 1197 660 1264 ibidem3
691 1205 754 1256 anta
772 1199 951 1258 Nativitatem
971 1201 1074 1258 Christi
1093 1220 1244 1260 mxxxvi.
1264 1205 1352 1260 annis.
1390 1205 1517 1262 Britonaa

461 1279 578 1354 danique
594 1287 694 1338 tunam
712 1283 787 1340 illam
805 1303 853 1356 pm·
870 1291 1062 1358 conquestum
1087 1287 1219 1344 habentes
1244 1305 1345 1344 nomen
1363 1288 1465 1344 Albion
1483 1309 1516 1344 ex

459 1367 520 1420 tcto
538 1365 657 1424 delentes
675 1373 775 1424 terram
794 1369 942 1426 Britannia
960 1377 1137 1438 vomuerunt,
1156 1377 1185 1429 et
1202 1372 1242 1428 aio
1259 1373 1387 1446 gigantea
1408 1374 1516 1446 expulsi

463 1463 526 1506 cxx.
545 1450 624 1508 annia
641 1457 740 1508 terram
757 1453 866 1526 Angliae
883 1460 1035 1512 tenuerunt
1053 1456 1083 1512 iu
1100 1473 1175 1529 pace.
1214 1453 1262 1528 [B.
1275 1455 1316 1528 ca]

909 1908 988 1977 Clu.
1013 1911 1072 1976 VI.

303 2159 434 2212 Theflis-
508 2133 664 2214 QUADAM
686 2135 740 2202 die
774 2157 849 2202 oum
881 2137 1006 2203 Brutus
1028 2137 1066 2202 in
1088 2141 1187 2224 portu
1214 2157 1279 2223 quo
1313 2135 1516 2223 applicuerat

298 2234 360 2344 1?er
352 2227 403 2350 ἕ
463 2233 619 2304 festivum
642 2237 756 2306 diem¹
781 2237 890 2327 pueris
912 2239 981 2305 suis
1013 2245 1047 2305 et
1073 2239 1137 2305 diis
1169 2243 1205 2306 et
1230 2239 1374 2305 maxima
1397 2238 1515 2305 Dianae

463 2339 534 2407 deae
564 2341 674 2422 marie,
704 2341 1077 2428 qui⁹insula1nistam
1108 2342 1172 2408 sibi
1202 2347 1236 2408 et
1258 2339 1327 2408 suis
1348 2341 1518 2430 madenti·

460 2445 565 2522 navit,
589 2443 817 2524 constituerat,
855 2446 1047 2534 supervenit
1094 2445 1286 2534 Gogmagog
1334 2468 1408 2511 cum
1455 2461 1513 2510 xx

458 2546 650 2634 gigantibus
671 2547 859 2615 fortissimis
870 2573 878 2628 ;
902 2550 1071 2616 eminebat
1093 2549 1181 2614 enim
1203 2550 1273 2636 ipse
1295 2569 1394 2635 super
1419 2547 1511 2628 alios,

456 2669 536 2714 nam
568 2649 634 2715 fuit
667 2648 704 2715 in
736 2649 944 2739 longitudine
983 2667 1044 2718 ΧΠ.
1076 2649 1286 2718 cubitorum.³
1330 2650 1398 2716 Hic
1437 2671 1511 2716 cum

455 2751 524 2816 suis
561 2751 727 2819 dirissima
765 2755 852 2821 caede
890 2753 1045 2822 Britonas
1083 2755 1202 2821 affecit.
1265 2754 1313 2820 At
1352 2753 1508 2819 Britones

455 2854 673 2941 praevalentes
695 2877 808 2922 omnes
830 2857 1020 2922 occiderunt
1046 2861 1168 2945 piaeter
1183 2857 1396 2944 Gogmagog3
1420 2856 1510 2921 hunc

455 2957 579 3024 Brutus
609 2959 768 3025 reservari
790 2963 1000 3046 praeoeperat,
1024 2960 1138 3026 volens
1160 2959 1269 3047 ipsum
1292 2959 1405 3026 videre
1437 2979 1511 3024 cum

456 3058 607 3127 Oorinceo
645 3061 829 3141 colluctare,
855 3083 934 3128 nam
968 3063 1038 3150 ipsa
1076 3085 1151 3129 cum
1190 3063 1314 3129 talibus
1352 3060 1507 3150 congredi

455 3163 645 3254 affectabat.

498 3265 669 3334 Connaeue
699 3265 846 3334 maximo
876 3267 999 3356 gaudio
1021 3267 1187 3337 fluctuans
1221 3265 1386 3336 succinxit
1408 3288 1452 3346 se,
1475 3270 1510 3332 et

452 3369 555 3436 alium
585 3371 629 3436 ad
658 3371 852 3438 luctandum
884 3379 1052 3460 provocat.
1099 3371 1192 3439 Inito
1219 3373 1407 3452 certamina,
1432 3369 1510 3435 hinc

452 3477 521 3540 stat
551 3474 729 3556 Oorinaeus,
753 3475 830 3541 hinc
861 3480 932 3541 stat
962 3477 1063 3564 gigas,
1088 3479 1123 3541 et
1153 3475 1239 3541 alter
1272 3476 1414 3540 alterum
1436 3473 1509 3538 vin·

452 3577 534 3642 culis
570 3577 777 3644 brachiorum
810 3577 933 3645 annexi
967 3577 1089 3644 ciebiis
1126 3577 1293 3644 afflatibus
1325 3599 1401 3643 aera
1432 3597 1505 3642 ver-

451 3679 578 3746 berant
624 3679 696 3747 Noc
718 3703 823 3762 mora,
846 3681 940 3770 giges
964 3681 1154 3749 Corinaeum
1180 3680 1358 3748 maximis⁴
1380 3679 1509 3747 viribus

449 3784 636 3870 astringens
656 3789 690 3850 et
719 3785 763 3851 ad
784 3789 907 3850 terram
929 3785 1104 3872 projiciens
1123 3789 1190 3852 tres
1211 3785 1312 3872 fregit
1334 3783 1366 3850 ei
1388 3788 1503 3862 costas,

452 3887 534 3953 duas
556 3887 593 3953 in
615 3889 734 3954 dextro
756 3889 868 3970 latare,
896 3887 1023 3954 unam⁶
1045 3889 1081 3954 in
1105 3889 1259 3970 sinistr03
1289 3887 1507 3976 undeiratus

453 3989 622 4057 Oorinaeus
659 3991 748 4057 vires
785 4013 861 4058 suas
903 3997 1042 4072 revocat,
1082 3991 1252 4080 gigantem
1289 3991 1325 4056 in
1362 3988 1507 4055 humeris

452 4093 585 4172 allevat,
619 4097 654 4159 et
693 4099 859 4182 quantum
871 4093 1054 4162 velocitaa⁰
1081 4091 1167 4183 pro⁷
1200 4093 1344 4182 pondere
1376 4090 1506 4159 sinebat

489 4483 583 4552 Ιᾱίεπι]
619 4481 670 4536 dia.
702 4483 737 4534 A.
770 4477 813 4535 the
841 4499 854 4533 e
880 4483 957 4550 being
1040 4480 1183 4551 ⁴mona'ma'a]
1202 4466 1297 4538 matis.
1332 4485 1360 4538 0.

457 4567 555 4617 written
566 4577 796 4631 upcnanerannre.
1039 4564 1146 4630 ἥκω]
1165 4573 1197 4616 et.
1210 4581 1295 4630 praem.
1329 4566 1394 4618 B.D.

489 4645 566 4714 ’φῦ
585 4661 648 4711 quaa.
685 4645 750 4698 B.D.
1039 4641 1181 4711 ‘adwiaq
1199 4645 1346 4698 velocitatis.
1381 4645 1411 4698 B.

489 4727 549 4779 ⁸111.
561 4725 707 4792 cubitorum]
725 4737 775 4775 om.
810 4723 839 4776 0.
1039 4721 1116 4791 ἰὴν]
1135 4739 1194 4790 prae.
1228 4725 1293 4777 B.D.
