3590 5844
447 785 513 853 346
754 795 936 850 semermi
959 795 1206 848 srsrosrssuu

281 971 336 1024 Tne
347 969 409 1088 51¹¹·
446 973 543 1052 rium,
560 967 732 1052 Oetellum,
750 965 922 1054 Quintum,
939 975 973 1038 et
989 971 1174 1051 Osruoium,
1194 974 1370 1052 senatores,
1386 969 1499 1036 Evan-

280 1047 365 1172 ῗξῐζξ
447 1075 543 1142 erum
565 1075 667 1142 seam
690 1097 801 1164 regam
831 1075 948 1162 Syria,
971 1080 1006 1140 et
1029 1073 1212 1140 ararium
1237 1095 1348 1162 regam
1373 1072 1500 1160 Libyae,

279 1173 385 1226 Affl-
447 1179 505 1266 qui
542 1183 639 1246 noete
680 1177 738 1244 illa
775 1199 851 1246 cum
889 1177 1057 1266 praedictis
1087 1177 1222 1244 milibus
1260 1177 1392 1264 jussum
1430 1177 1498 1241 iter

447 1281 667 1371 arripuerunt,
701 1285 737 1348 et
773 1279 881 1348 locum
914 1277 1065 1346 latibulis
1101 1279 1355 1346 eonvenientem
1386 1276 1501 1366 adepti

447 1383 650 1452 delituerunt
664 1382 741 1472 quo¹
757 1381 846 1472 ipsos
859 1383 965 1450 ituros
979 1381 1237 1450 arbitrabuntur.
1274 1381 1374 1448 Mane
1388 1387 1500 1446 eutem

447 1487 534 1554 ferto
560 1487 714 1554 Britones
736 1485 855 1553 ineunt
876 1485 966 1552 viam
989 1507 1064 1552 oum
1087 1485 1226 1574 captivis
1248 1484 1373 1572 etjam
1399 1503 1502 1572 prope

447 1588 554 1656 losum
577 1590 744 1669 inoedunt,
771 1589 872 1656 neseii
895 1610 977 1677 quos
1000 1589 1091 1656 dolos
1112 1587 1240 1654 versuti
1262 1587 1375 1654 hostes
1404 1586 1502 1652 insti·

448 1697 589 1758 tuerent.
650 1692 736 1760 Cum
767 1713 846 1758 vero
876 1691 1044 1781 praeterire
1074 1691 1274 1780 inoepissent
1307 1688 1428 1777 egressi
1458 1709 1501 1754 ex

448 1795 625 1882 improviso
642 1793 783 1862 Romani
798 1797 886 1882 ipsos
901 1793 987 1860 nibil
1001 1793 1068 1860 tsle
1083 1791 1349 1882 praemeditatos⁸
1364 1811 1501 1878 oocupa-

448 1903 571 1963 verunt
600 1901 634 1964 et
660 1901 925 1985 penetraverunt,
950 1897 1057 1962 atilli
1079 1895 1237 1962 temetsi³
1258 1917 1301 1962 ex
1322 1895 1502 1982 improviso

449 2000 598 2088 occupati
628 1991 670 2066 et¹
694 2001 844 2086 dissipati
873 1999 1012 2066 finissent
1041 2000 1177 2065 tandem
1208 2005 1321 2065 tamen
1351 1997 1501 2063 resociati

448 2103 591 2168 viriliter
619 2104 786 2180 resistunt,
811 2107 845 2168 et
867 2103 1025 2189 quosdam
1055 2103 1141 2170 eires
1166 2103 1314 2191 captivos
1336 2105 1499 2178 statuunt,

449 2203 608 2291 quosdam
637 2225 697 2292 per
727 2211 876 2271 catervas
906 2205 1112 2270 distribuunt
1141 2205 1199 2291 qui
1236 2225 1312 2270 oum
1350 2203 1503 2269 hostibus

449 2307 723 2394 congredientum
758 2305 883 2396 agmini
914 2312 1027 2374 sutem
1057 2306 1107 2372 illi
1129 2307 1218 2393 quod
1240 2307 1283 2372 ad
1305 2327 1503 2372 conservan-

449 2409 555 2474 dum⁴
569 2409 718 2498 septivos
740 2415 930 2478 statuerunt
954 2409 1159 2488 Riohereum,
1177 2407 1396 2475 Bedwerum⁸
1416 2429 1503 2496 prae·

449 2511 607 2578 feeenmt.
665 2511 774 2578 cador
812 2511 990 2580 Cornubiae
1028 2513 1100 2578 dux
1126 2517 1161 2578 et
1191 2511 1341 2577 Borellus
1374 2511 1503 2578 ueteris

448 2617 708 2704 preponuntun
731 2615 789 2682 sed
805 2613 947 2684 Romeni
962 2637 1076 2682 omnes
1092 2616 1163 2681 sine
1177 2614 1292 2680 ordine
1314 2618 1500 2702 eruperant,

448 2737 508 2783 neo
537 2717 699 2782 curabant
720 2737 795 2782 suos
824 2739 883 2804 per
904 2721 1032 2784 turmas
1062 2717 1242 2806 disponere,
1272 2715 1353 2782 dum
1382 2720 1503 2783 semet·

448 2819 535 2906 ipsos
557 2817 731 2886 defendam
758 2819 972 2897 elaborarent,
1004 2819 1093 2886 unde
1118 2817 1208 2886 ultra
1229 2819 1364 2886 modum
1386 2817 1504 2884 debili·

447 2921 512 2988 tati
546 2917 646 2987 illos⁰
676 2943 758 3008 quos
790 2921 1017 2988 eonduoebsnt
1047 2923 1191 3010 turpiter
1222 2921 1409 2988 amisissent
1435 2919 1501 2986 nisi

446 3023 581 3090 fortune
602 3029 755 3112 optatum
777 3024 941 3091 auxilium
964 3025 1011 3090 eis
1032 3021 1264 3090 aeoeleresset.⁷

491 3126 698 3194 Gniebardus
732 3128 821 3194 enim
853 3129 923 3193 dux
950 3125 1204 3206 Pietauensium‚
1228 3131 1396 3215 comperto
1417 3149 1500 3216 prae·

447 3229 536 3296 dioto
566 3229 651 3310 dolo,
676 3253 752 3297 eum
778 3231 888 3296 tribus
918 3229 1073 3295 milibus⁸
1096 3231 1285 3310 advenerat,
1309 3230 1403 3316 cujus
1424 3231 1502 3296 freti

446 3333 572 3398 auxilio
602 3332 738 3398 tandem
762 3332 966 3420 praevaluere
988 3338 1024 3398 et
1045 3332 1152 3398 vicem
1183 3331 1353 3420 praediotoe
1382 3334 1502 3420 stragis

446 3435 696 3524 impudentibus
726 3435 968 3522 grassatoribus
998 3434 1210 3514 reddidere3⁰
1231 3435 1353 3500 multos
1376 3435 1464 3500 enim
1475 3433 1502 3472 ¹⁰

447 3559 581 3604 suorum
611 3537 648 3602 in
686 3538 793 3625 primo
835 3559 1012 3626 congressu
1045 3539 1236 3604 amiserunt.
1282 3537 1417 3604 Oocisus
1450 3543 1503 3604 est

447 3642 535 3706 enim
567 3637 724 3720 Herelius,
756 3639 814 3726 qui
853 3663 928 3706 eum
965 3639 1123 3706 Evandro
1153 3661 1233 3728 rege
1275 3639 1383 3726 Syriae
1424 3661 1501 3706 con-

446 3765 575 3830 gressus
598 3740 683 3822 est,¹¹
701 3741 815 3808 lancea
829 3747 942 3809 sutem
952 3741 978 3780 ¹¹
993 3744 1096 3830 ipsius
1112 3741 1199 3808 infre
1217 3741 1329 3830 gulam
1345 3742 1467 3809 Bor-elli
1477 3741 1504 3782 ¹⁸

447 3845 571 3911 infixus
613 3845 717 3910 vitam
759 3867 833 3911 cnm
882 3846 1043 3932 sanguine
1081 3846 1252 3912 eructavit.
1306 3845 1502 3912 Amiserunt

447 3969 577 4034 quoque
606 3951 674 4014 tres
703 3969 852 4036 proceres
882 3948 1010 4014 nobiles
1037 3948 1200 4028 Britanni,
1227 3945 1360 4030 scilieet,
1389 3947 1500 4014 Hirel-

449 4137 725 4146 -.-...-...-----...--
746 4141 793 4146 „—
816 4143 830 4146 -
855 4141 864 4146 ..
951 4141 984 4146 .,..
1001 4141 1006 4146 .
1029 4141 1136 4146 .------
1171 4141 1413 4148 .--------.-..-...--.

482 4251 559 4316 'quo]
578 4265 647 4314 quos.
684 4249 749 4300 B.D.
1029 4249 1218 4317 ’Moemseq
1240 4249 1397 4302 acceleraret
1431 4251 1498 4302 B.D.

479 4329 688 4396 'praeditam
707 4327 848 4380 meditatos.
882 4327 948 4378 B.D.
1027 4327 1244 4396 ‘mammeam
1263 4336 1321 4382 ³00.
1353 4329 1383 4382 B.

479 4409 606 4475 ἐαωιτει]
625 4415 714 4458 temet
724 4407 754 4457 si.
787 4407 888 4458 A.B.D.
1028 4409 1185 4475 'reddidere]
1205 4411 1293 4461 redire.
1328 4411 1358 4460 B.

480 4487 701 4554 ⁴eenuervasdm]
723 4484 896 4538 waserrsnd?
914 4485 949 4537 A.
1029 4489 1048 4518 ¹⁰
1058 4488 1133 4556 erim]
1152 4496 1269 4540 ammes.
1303 4489 1367 4542 B.D.

447 4569 638 4622 communes.
649 4567 681 4618 B.
722 4566 865 4617 amandos.
899 4565 932 4616 D.
1030 4568 1046 4598 ¹¹
1059 4569 1108 4634 est]
1129 4563 1202 4620 EA.
1237 4575 1309 4620 esset
1343 4569 1376 4619 D.

479 4647 655 4714 'Betimffl
675 4653 707 4698 et
724 4659 809 4712 pram.
843 4643 908 4698 B.D.
1031 4648 1150 4713 Ιἀπειρη]
1170 4663 1220 4698 om.
1253 4647 1287 4700 D.

478 4727 566 4796 ‘iliad
585 4735 714 4794 etpraem.
749 4725 782 4778 D.
1032 4725 1169 4793 '’Borelb]
1188 4741 1237 4778 om.
1261 4727 1329 4778 B.D.·
