3656 5800
442 895 509 960 284
748 907 930 960 numurus
953 906 1202 958 ursmnraaua

276 1095 404 1152 merita
444 1079 602 1146 laudastis
628 1083 669 1146 ut
698 1080 832 1167 sanguis
861 1103 954 1148 meus
983 1085 1191 1170 spargeretur
1222 1080 1258 1146 in
1287 1086 1493 1157 omentum,

274 1167 378 1284 m

444 1187 479 1248 et
507 1181 601 1270 qussi
623 1181 710 1248 illioo
732 1203 814 1270 opus
844 1181 1048 1250 ιιοιιιιιιιιοιιι
1096 1182 1164 1249 Sed
1185 1181 1285 1248 dieite
1306 1181 1391 1247 mihi
1413 1181 1495 1268 quid

443 1282 504 1350 sub
524 1283 741 1352 srmdamento
760 1283 866 1352 letati
910 1283 1000 1350 Nam
1022 1283 1149 1372 aliquid
1171 1284 1233 1350 sub
1254 1283 1313 1350 illo
1335 1289 1386 1350 est
1408 1284 1496 1371 quod

443 1386 552 1474 ipsum
573 1391 662 1452 stare
684 1407 752 1453 non
771 1385 945 1474 permittit
990 1385 1255 1474 Expavesoentes
1273 1391 1386 1452 autem
1405 1385 1495 1474 magi

444 1489 679 1556 continuerunt
751 1487 845 1556 Tune
874 1489 924 1555 ait
954 1489 1135 1554 Merlinus÷
1177 1487 1320 1554 Domine
1349 1489 1397 1554 mi
1425 1509 1494 1568 rex,

443 1611 525 1658 voca
553 1590 718 1680 operarios
741 1595 817 1658 tuos
843 1597 878 1658 et
897 1589 979 1677 jube
1002 1595 1126 1658 terram
1147 1590 1267 1670 fodere,
1293 1597 1328 1656 et
1349 1591 1497 1658 invenies

444 1701 598 1782 stagnum
622 1694 685 1760 sub
700 1715 746 1772 ea
762 1700 798 1760 et
820 1693 904 1760 ιιιι)Ε
927 1697 1046 1780 stagno
1071 1693 1155 1760 duos
1179 1693 1305 1781 lapides
1328 1713 1495 1772 oonoavos,

445 1801 480 1862 et
509 1795 546 1862 in
575 1795 643 1862 illis
679 1794 761 1862 duos
799 1796 955 1862 draomes
991 1793 1196 1862 dormientes
1257 1793 1409 1862 Credidit
1437 1817 1498 1862 rex

444 1897 554 1966 verbis
582 1896 653 1984 ejus
682 1896 772 1984 quod
802 1917 918 1964 verum
947 1897 1079 1964 dixerat
1108 1897 1151 1964 ds
1180 1901 1299 1986 stagno
1329 1903 1364 1964 et
1396 1898 1498 1984 jussit

444 2022 564 2086 aquom
587 1999 733 2080 hauriri;
755 1999 1007 2066 admirabantur
1022 2000 1124 2066 etiam
1146 2000 1255 2068 ounoti
1270 1999 1328 2086 qui
1343 1999 1499 2068 astabant

445 2108 574 2168 tantam
604 2101 641 2168 in
666 2124 705 2168 eo
734 2101 941 2190 sapientiam,
968 2102 1197 2170 existimantes
1223 2123 1347 2169 numen
1370 2125 1439 2170 ease
1462 2104 1500 2170 in

446 2205 513 2284 illo,
536 2209 572 2270 et
595 2203 746 2272 sedentes
767 2203 1002 2271 ausurltabant
1021 2205 1124 2272 verba
1146 2205 1338 2294 prophetioa
1359 2227 1433 2293 quse
1459 2207 1500 2274 de

446 2329 502 2374 ore
527 2327 587 2372 suo
613 2305 839 2394 procedebant

863 2601 943 2670 Gar.
968 2603 1078 2670 XLII.

716 2803 788 2870 Hie
809 2803 995 2892 mephat
1017 2804 1231 2896 Propheta?

278 2993 333 3046 The
343 2995 407 3045 Pu»
495 2991 658 3058 Sanum
695 2991 807 3080 itaque
840 2993 1040 3084 vortigerno
1070 3017 1167 3084 super
1197 2995 1310 3084 ripam
1348 2999 1502 3067 exhausti

278 3059 402 3180 md
447 3095 558 3183 stagni
587 3096 710 3182 egressi
736 3103 816 3164 sunt
845 3097 912 3164 duo
942 3099 1107 3180 drnoones,
1138 3123 1277 3189 quorum
1315 3125 1401 3170 unus
1429 3111 1502 3170 erat

446 3196 553 3276 albus,
568 3196 655 3264 alter
674 3198 804 3266 rubeus
851 3201 1001 3288 Cumque
1021 3201 1221 3269 alteralteri
1245 3207 1501 3292 appropinquas-

447 3304 507 3378 set,
546 3301 782 3368 oommiserunt
812 3303 919 3369 diram
958 3325 1113 3392 pugnam,
1147 3305 1222 3372 et
1211 3328 1321 3394 rgnem
1351 3309 1502 3376 anhelitu

447 3401 670 3490 procreabant
732 3403 940 3472 Praevalebst
976 3407 1064 3472 enim
1099 3407 1193 3474 albus
1227 3409 1333 3492 draeo,
1363 3411 1501 3478 rubeum

447 3505 615 3594 usquead
637 3506 793 3572 ultimum
814 3507 904 3575 laous
924 3507 1086 3596 fugabat;
1108 3509 1164 3576 ille
1179 3531 1258 3577 voro
1273 3533 1307 3578 se
1327 3513 1501 3601 expulsum

446 3630 521 3674 oum
546 3607 687 3674 vidisset
711 3607 819 3676 doluit
841 3615 877 3676 et
898 3611 1061 3698 impetum
1083 3611 1162 3678 fecit
1176 3611 1214 3678 in
1236 3613 1502 3703 albumipsum⁴

446 3711 582 3777 retroire
619 3709 735 3800 ooegit.
804 3711 892 3800 Ipsis
929 3719 1041 3780 autem
1072 3714 1108 3780 in
1138 3715 1227 3782 huno
1256 3717 1392 3784 modum
1421 3741 1503 3808 pug-

445 3813 604 3880 nantibus
633 3813 789 3901 prseoepit
819 3836 879 3881 rex
909 3815 1087 3882 Ambrosio
1118 3815 1260 3884 Merlino
1289 3819 1397 3888 dioem
1422 3823 1502 3909 quid

446 3913 600 4000 proelium
629 3915 809 3982 draconum
840 3917 1066 4006 portendebat.
1122 3917 1204 3986 Mox
1233 3920 1289 3986 ille
1319 3921 1356 3988 in
1385 3923 1502 3990 fletum

446 4037 621 4104 erumpens
662 4017 818 4105 spiritum
861 4017 1016 4086 exhausit
1054 4020 1236 4109 prophetiae
1266 4027 1302 4090 et
1331 4025 1400 4091 ait:
1440 4027 1501 4094 Vae

446 4117 547 4184 rubeo
570 4117 713 4200 draconi,
728 4141 807 4186 nam
828 4121 1062 4190 exterminatio
1082 4123 1153 4208 ejus
1167 4123 1323 4207 festinat3
1345 4149 1502 4194 cavernas

446 4217 549 4305 ipsius
578 4222 755 4306 oooupabit
784 4223 879 4289 albus
908 4223 1015 4304 draeo,
1048 4227 1106 4311 qui
1135 4225 1282 4294 Saxones
1312 4251 1394 4315 quos
1417 4231 1502 4296 invi-

446 4319 526 4388 tasti
553 4321 727 4410 signifieat
786 4323 922 4391 Rubeus
953 4349 1031 4392 vero
1060 4333 1195 4415 gentem
1222 4329 1398 4417 designat⁶
1428 4332 1503 4398 Bri·

448 4523 651 4536 ————

480 4637 632 4704 ’ωιιειακη
651 4645 735 4689 staret
769 4637 833 4690 RD.
1032 4645 1143 4713 ἰ’ρωι]
1162 4654 1194 4698 et
1211 4661 1296 4712 prtem.
1330 4647 1395 4700 RD.

479 4715 622 4849 33me
640 4716 803 4866 Βιψιιιι]
817 4813 866 4850 om.
884 4797 948 4852 ao.
1033 4735 1177 4804 ww]
1196 4737 1330 4805 ‘mm
1364 4740 1399 4792 θ’
