3590 5844
467 786 533 852 312
795 797 979 852 nonomen
1003 795 1252 850 nmosmsmc
1284 865 1288 874 ν

301 996 429 1048 Thonis·
466 975 584 1040 itinere
607 995 721 1041 versus
743 997 865 1064 pagum
882 974 1027 1040 Bodonis
1050 973 1167 1040 urbem
1190 971 1352 1042 obsident
1398 971 1518 1040 Idem¹

301 1063 401 1180 Ψ
468 1098 542 1143 cum
564 1075 635 1164 regi
661 1076 856 1142 nuntiatum
879 1080 965 1144 esset
988 1073 1155 1142 admirans
1177 1073 1268 1140 ultra
1290 1073 1428 1142 modum
1450 1075 1523 1140 illo·

301 1145 410 1248 nde.
468 1203 542 1246 rum
565 1179 693 1244 fumus
711 1179 875 1266 judicium
896 1178 970 1244 ese
988 1177 1091 1264 jesse
1113 1177 1155 1243 <10
1177 1177 1309 1243 morum
1324 1177 1522 1257 obseruas,²

468 1281 563 1346 brevi
586 1301 679 1346 more
700 1273 961 1368 suspendendia3
991 1277 1212 1366 praetermissa
1233 1277 1336 1344 etiam
1358 1279 1523 1365 inquieta·

468 1383 559 1448 tione
581 1381 679 1469 quce³
701 1381 832 1450 Scottus
863 1387 899 1447 et
922 1381 1033 1448 Pictos
1066 1379 1251 1468 opprimere
1272 1379 1441 1468 inceperat
1463 1380 1524 1446 ob·

468 1484 629 1551 sidionem
663 1485 848 1572 dispergere
882 1482 1066 1550 festinavit.
1112 1481 1270 1548 Maximis
1300 1504 1380 1548 vero
1402 1505 1521 1570 angue-

467 1588 526 1652 tiis
547 1591 599 1653 est
620 1587 783 1654 cruciatus
806 1607 909 1672 quum
925 1583 1071 1652 Hoelum
1093 1589 1248 1672 nepotem
1263 1606 1360 1650 suum
1382 1585 1418 1650 in
1440 1585 1521 1650 civi-

468 1694 538 1755 tate
572 1689 717 1776 Alcluyd
750 1688 867 1754 morbo
898 1693 1075 1775 gravatum
1107 1687 1287 1752 deserebet
1349 1685 1521 1754 Postremo

468 1791 749 1857 Sumersetensem
772 1790 975 1878 provinciam
1008 1789 1176 1876 ingressus
1198 1788 1271 1854 visa
1292 1789 1440 1854 cominus
1462 1789 1522 1855 ob-

466 1892 615 1960 sidione⁴
645 1894 715 1960 haec
746 1893 850 1958 verbe
876 1893 1005 1958 loeutus
1031 1895 1100 1956 est:
1135 1890 1302 1972 Quoniam
1331 1891 1519 1978 impiissimi

465 1995 614 2062 Saxones
636 1995 736 2062 fidem
768 1994 850 2060 mibi
873 2015 1005 2060 servare
1028 1992 1201 2080 dedignati
1224 1996 1312 2074 eunt,
1335 2013 1396 2080 ego
1418 1993 1519 2059 fidem

464 2097 537 2164 Deo
559 2119 632 2164 meo
655 2119 789 2162 servem
815 2095 1009 2184 sanguinem
1032 2093 1218 2160 concivium
1241 2116 1388 2160 meorum
1411 2095 1447 2158 in
1469 2095 1519 2182 ip-

464 2221 516 2266 sos
538 2200 635 2266 hodie
650 2199 819 2266 vindicare
842 2197 992 2266 conabor.
1038 2197 1177 2264 Armate
1191 2218 1260 2277 vos,
1282 2197 1358 2277 viri,
1380 2201 1519 2278 armate,

464 2307 499 2368 et
520 2301 704 2389 proditores
737 2303 819 2368 istos
842 2300 983 2366 viriliter
1014 2297 1164 2366 invadite
1197 2320 1280 2386 quos
1302 2299 1518 2386 pmculdubio

463 2404 648 2470 auxiliante
671 2403 805 2470 Christo
827 2401 1113 2489 triumphabimus

508 2505 591 2572 Haec
613 2527 652 2571 eo
674 2505 804 2571 dicente
828 2504 971 2570 Sanctus
993 2503 1180 2583 Dubritius,
1206 2502 1310 2568 Urbis
1333 2503 1516 2592 legionum

463 2605 677 2693 metropolis⁶
699 2628 832 2674 ascenso
854 2605 1025 2691 cujusdam
1047 2605 1170 2672 montis
1199 2607 1368 2672 cacumine
1390 2607 1518 2672 excelso¹
1583 2663 1589 2672 .

462 2729 541 2773 voce
579 2705 783 2773 clemavit:⁶
810 2706 883 2772 Viri
917 2705 1108 2774 Christiana
1134 2706 1331 2795 professione
1353 2708 1514 2796 insigniti,

461 2815 595 2876 maneat
617 2809 654 2874 in
675 2809 771 2876 vobis
793 2808 980 2876 concivium
1002 2813 1189 2876 vestrorum
1209 2809 1317 2897 pietas
1340 2815 1375 2876 et
1396 2811 1514 2898 petrice

461 2912 518 2999 qui
551 2911 738 2998 proditione
771 2909 981 3000 Paganorum
1015 2910 1230 2977 exterminati
1272 2916 1372 2992 sunt;
1417 2911 1514 2978 vobis

461 3013 699 3102 sempiternum
722 3012 787 3079 erit
808 3013 1022 3100 opprobrium
1037 3013 1103 3078 nisi
1126 3011 1239 3100 ipsos⁷
1261 3013 1436 3080 defendere
1462 3014 1514 3080 in-

461 3115 647 3181 stitueritis
693 3115 845 3203 Pugnete
877 3137 937 3202 pro
968 3115 1078 3201 petria
1112 3119 1147 3180 et
1169 3119 1310 3180 mortem
1344 3115 1373 3180 si
1400 3137 1511 3204 euper-

461 3217 592 3284 venerit
613 3217 704 3282 ultro
726 3239 786 3305 pro
808 3217 923 3282 cadem
946 3215 1110 3304 patimini.
1159 3215 1237 3303 Ipsa
1259 3216 1349 3282 enim
1371 3217 1513 3284 victoria

462 3325 513 3386 est
535 3324 570 3385 et
591 3319 713 3386 animm
735 3319 937 3398 remedium;
959 3318 1146 3405 quicumque
1168 3319 1258 3384 enim
1271 3341 1331 3406 pro
1353 3319 1513 3388 fratribus

462 3422 531 3487 suis
562 3425 702 3488 mortem
737 3419 858 3498 inierit,
883 3421 996 3486 vivam
1027 3419 1170 3486 hostiam
1203 3441 1238 3486 sc
1268 3425 1405 3508 praestat
1428 3422 1512 3504 Deo,

462 3523 697 3610 Christumque
729 3523 822 3610 mqui
856 3543 923 3587 non
961 3521 1143 3610 ambigitur
1174 3523 1232 3608 qui
1262 3545 1322 3609 pro
1353 3523 1511 3592 fratribus

460 3626 606 3692 enimam
637 3647 759 3714 ponere
792 3625 949 3712 dignatus
983 3629 1041 3692 est
1087 3623 1124 3690 si
1154 3624 1274 3712 ediquis
1304 3630 1452 3692 vestrum
1474 3628 1511 3694 in

292 3721 438 3842 Ξῑῠὸἕτξῑῑθ
459 3729 521 3796 hoo
543 3727 630 3794 bello
662 3733 803 3794 mortem
827 3727 969 3792 subierit
991 3727 1036 3792 sii
1056 3725 1090 3843 ei
1112 3745 1200 3792 mors
1222 3726 1280 3792 illa
1301 3734 1511 3814 peccatorum

288 3857 379 3908 meon
457 3852 593 3898 suorum
621 3829 822 3918 poenitentia
856 3833 891 3896 et
922 3828 1095 3908 absolutio,
1119 3829 1200 3895 dum
1234 3849 1307 3894 eam
1330 3829 1391 3895 boc
1412 3831 1509 3898 modo

290 3923 358 3976 ΑΒ·
371 3929 427 3983 ⁵²⁰·
456 3933 598 4021 recipere
620 3954 689 3998 non
711 3931 875 4020 diffigerit
926 3931 998 3997 Nee
1020 3951 1122 4012 mora,
1144 3931 1373 3998 benedictione
1395 3931 1510 4000 beati⁸

488 4315 589 4384 Ueien]
608 4315 664 4388 1d3.
699 4317 734 4367 A.
768 4315 856 4382 quue
891 4316 956 4366 RD.
1037 4303 1205 4370 'Mtwwffl
1219 4305 1505 4370 commetropolitmus.

487 4419 642 4488 *obsidem
662 4419 840 4472 obsidionibus
874 4421 906 4472 B.
1003 4382 1435 4529 Qcoffiffifflffi‘e‘gffipiz
1452 4467 1505 4518 bel.

486 4513 572 4582 ’Μ
591 4527 647 4578 ‘¹¹¹⁸‘
681 4512 746 4564 B'D'
1001 4539 1111 4592 ludum.
1130 4541 1157 4592 in
1173 4557 1254 4608 marg.
1288 4541 1319 4592 B.

485 4617 640 4686 ‘obsidicad
659 4616 768 4668 Ashort
787 4630 887 4668 erasure
906 4617 954 4668 iol·
1034 4621 1142 4688 Ἶροι]
1161 4636 1212 4672 eos.
1241 4623 1274 4672 D.

450 4699 550 4752 lorcin
563 4698 597 4750 A.
1033 4699 1131 4768 ’ἰωῇ
1150 4701 1239 4753 sancti
1268 4699 1333 4754 B.D.
