3590 5844
595 855 776 906 summme
798 852 1048 903 menomenas.
1275 835 1340 902 319

715 1209 794 1277 Gan.
819 1209 912 1275 LIII.

336 1403 571 1470 Anvnmnsnn
599 1407 735 1493 itaque¹
760 1404 934 1492 sequenti²
956 1409 1072 1470 testate
1105 1403 1239 1491 paravit
1262 1403 1411 1480 elas-The
1424 1428 1485 1479 flis-

291 1527 361 1572 sem
383 1528 477 1571 snam
509 1508 680 1594 adivitque
716 1506 940 1574 Hiberniam³
971 1529 1072 1593 quem
1109 1507 1173 1571 sibi
1204 1506 1342 1571 subdere
1354 1495 1454 1626 fflgff

292 1609 509 1674 desiderabat
555 1612 748 1698 Applieanti
770 1617 882 1676 autem
905 1609 970 1674 sibi
992 1609 1169 1695 praedietus
1190 1629 1250 1672 rex
1274 1607 1341 1672 Gil·
1356 1628 1462 1679 Ashur.

292 1709 451 1776 lemurius
474 1733 548 1776 cum
578 1713 811 1779 innumerabili
843 1716 942 1800 gente
974 1711 1092 1776 obvius
1114 1712 1207 1777 venit
1230 1715 1344 1776 eontra

292 1811 387 1876 illum
419 1813 644 1880 dimicaturus.
703 1815 853 1900 Cumque
884 1813 1039 1900 proelium
1073 1813 1247 1900 incepisset
1269 1835 1343 1878 eon-

293 1914 404 1980 festim
426 1937 507 2001 gens
541 1917 612 2002 ejus
634 1917 725 1982 nuda
757 1923 791 1982 et
824 1916 959 1981 inermis
991 1917 1073 1982 mire
1103 1916 1246 1982 lacerata
1268 1937 1344 1982 eon-

293 2017 389 2103 fugit,
413 2039 478 2104 quo
502 2017 533 2084 ei
555 2019 645 2085 loeus
667 2019 788 2106 refugii
811 2019 954 2104 patebat.

338 2123 410 2190 Nee
431 2145 532 2206 mora,
555 2132 671 2213 eaptus
702 2131 753 2191 est
775 2123 992 2190 Gillemurius
1014 2129 1049 2189 et
1072 2124 1232 2190 deditioni
1255 2146 1345 2190 eoae·

294 2235 349 2296 tus
382 2231 470 2296 unde
501 2231 613 2297 caeteri
642 2232 805 2320 p1ineipes
839 2232 957 2318 patriae
989 2231 1164 2318 stupefacti
1194 2231 1344 2318 exemplo

294 2334 379 2419 regis
416 2332 619 2398 deditionem
656 2333 826 2414 feeemmt;
871 2333 1055 2420 subjugatis
1090 2333 1203 2418 itaque
1240 2334 1344 2398 totius

296 2434 468 2500 Hiberniae
490 2435 642 2520 partibus
664 2437 799 2501 classem
821 2457 915 2501 suam
937 2436 1059 2502 direxit
1081 2435 1118 2500 in
1142 2435 1343 2512 Yslandiem,

294 2557 432 2622 eamque
454 2536 616 2602 debellato
638 2537 759 2624 populo
781 2537 996 2624 subjugavit.⁴

340 2637 495 2704 Exinde⁶
518 2639 693 2727 divulgato
708 2662 767 2726 per
781 2644 917 2705 caeteras
939 2636 1082 2704 insulss⁶
1103 2660 1233 2703 rumore
1256 2637 1344 2726 quod

295 2741 325 2805 ei
356 2740 448 2806 nulla
480 2741 651 2826 provincie
687 2741 837 2807 resistere
870 2745 1008 2828 poterat,
1041 2739 1253 2806 Doldautus⁷
1286 2763 1346 2806 rex

296 2841 510 2908 Gutlandiae⁸
532 2849 567 2909 et
590 2841 790 2910 Gervasius⁹
805 2866 866 2908 rex
889 2843 1055 2909 Oreedum
1078 2841 1167 2908 ultro
1189 2865 1309 2908 venere
1322 2841 1347 2879 ¹⁰

294 2945 516 3031 promissoque
537 2945 694 3033 vectigali
716 2945 953 3031 subjectionem
974 2943 1155 3011 fecerunt¹¹
1204 2946 1346 3010 Emenee

298 3047 416 3110 deinde
439 3046 557 3132 hyeme
580 3069 730 3112 reversus
753 3053 803 3111 est
825 3045 889 3110 in¹²
914 3045 1127 3110 Britanniam
1157 3051 1347 3133 statumque

297 3149 391 3234 regni
406 3147 442 3210 in
453 3147 583 3212 firmam
598 3170 712 3234 pacem
727 3169 890 3212 renovans
904 3169 1030 3213 moram
1042 3165 1103 3212 ΧΠ.
1114 3149 1210 3212 annis
1224 3149 1346 3214 ibidem

301 3250 460 3320 feeit-ite
467 3264 543 3338 quod
550 3265 646 3319 nullus
658 3283 722 3320 cum
735 3283 766 3319 eo
775 3264 886 3320 bellavit
897 3283 947 3320 nee
959 3265 1015 3336 ipse
1024 3283 1088 3318 eum
1098 3267 1206 3336 aliqum
1218 3271 1245 3320 et
1255 3272 1349 3337 postea

302 3349 410 3406 devenit
432 3350 489 3420 ipse
507 3349 546 3402 ita
563 3348 676 3413 feeetus
695 3348 734 3402 ite
752 3347 867 3418 sapiens,
886 3353 913 3402 et
931 3349 969 3402 ita
985 3347 1086 3418 largn,
1106 3353 1133 3402 et
1150 3350 1189 3403 ita
1206 3367 1235 3403 se
1253 3349 1350 3404 habuit

301 3437 331 3490 in
347 3439 407 3490 tem
431 3449 533 3502 magno
559 3431 662 3486 bonore
688 3430 763 3503 quod
781 3431 856 3486 euris
880 3431 1049 3502 imperatoris
1077 3430 1172 3486 Romae
1190 3449 1240 3486 nee
1258 3433 1350 3503 alique

300 3520 354 3576 elis
371 3535 418 3590 per
435 3521 522 3570 totam
540 3515 774 3570 Chiistienitstem
791 3515 834 3570 vel
852 3533 900 3586 per
916 3519 1007 3569 tetum
1027 3513 1223 3585 Paganismum
1241 3515 1296 3570 snit
1313 3517 1351 3570 ite

301 3599 508 3660 commendatus
527 3599 672 3670 sicutipse
690 3598 760 3664 fuit3
791 3603 818 3654 et
836 3597 897 3654 ideo
924 3598 1048 3653 meliores
1066 3598 1192 3654 homines
1211 3599 1245 3654 de
1263 3600 1350 3654 emni-

300 3687 353 3743 bus
373 3685 450 3741 terris
472 3683 618 3738 veniebant
647 3681 744 3738 directe
777 3681 813 3736 ad
843 3680 1070 3738 commorandum
1101 3700 1165 3738 cum
1188 3701 1220 3738 eo
1244 3684 1351 3754 etipse

300 3789 347 3827 eos
370 3785 465 3824 omnes
488 3767 633 3822 liberaliter
665 3766 765 3838 reeepit
786 3765 823 3820 ad
846 3784 979 3838 magnum
1003 3765 1144 3831 honorem,
1167 3771 1195 3822 et
1217 3767 1269 3838 ipsi
1293 3771 1351 3822 tam

301 3854 368 3912 boni
390 3855 468 3909 erent
490 3855 593 3906 ettam
616 3851 737 3906 veientes
754 3849 830 3922 quod
851 3851 946 3904 nullus
963 3849 1041 3904 nevit
1064 3849 1130 3921 ipsis
1153 3851 1293 3916 meliores;
1324 3855 1351 3906 et

337 4186 451 4252 'itaqae]
471 4183 568 4234 deinde.
587 4183 617 4232 B.
636 4181 751 4246 denique.
768 4181 801 4230 D.
877 4179 1051 4246 ⁷Doleleatss]
1071 4180 1217 4234 Coldemus.
1231 4181 1263 4230 B.
1289 4183 1351 4235 Del.

335 4265 474 4330 ἐοᾳιιοπιι]
494 4269 618 4326 sequente.
652 4261 719 4311 Bm.
847 4259 946 4309 danim.
980 4259 1014 4310 D.

336 4350 346 4378 ι
357 4343 516 4408 Hiberniam]
535 4341 675 4407 Hybemiae
687 4339 802 4391 insulam.
823 4390 826 4439 ι
879 4349 1058 4417 ’Θυααηᾶἰω]
1080 4351 1240 4405 Godlandiae.
1266 4355 1332 4408 Bm.

302 4425 804 4627 n=l³gub5ugseomeefnssa1eul13ns
882 4535 1008 4601 „m
1027 4545 1157 4588 venerans
1191 4539 1257 4590 BD·

304 4581 705 4725 pazffiffianmg.
765 4615 770 4627 ’
885 4629 1037 4696 essem]
1056 4631 1232 4695 promiserunt
1266 4633 1298 4684 B.
1368 4617 1376 4628 “

335 4735 463 4803 'imiad
481 4737 631 4804 provincias.
665 4735 697 4787 B.
826 4716 828 4782 l
885 4721 953 4788 ¹²¹³]
973 4737 1021 4773 ⁰¹¹¹·
1056 4723 1089 4774 D·

880 4443 1053 4510 ’Genesim
1074 4443 1226 4498 Gunvesius.
1260 4447 1326 4502 B.D.
