3674 5800
638 902 823 953 uuuouruu
846 903 1096 954 ursronmnuu.
1345 890 1386 953 13

335 1087 495 1134 summum
526 1069 728 1156 temperiem,
759 1069 840 1156 quid
862 1090 931 1136 non
964 1069 1012 1135 ibi
1042 1069 1147 1158 frigus
1172 1069 1252 1136 necl
1276 1039 1386 1145 cestus,
1400 1079 1523 1160 Qirm-

336 1171 392 1236 sed
417 1193 546 1236 summu
574 1172 751 1258 temperies
781 1177 1004 1258 utrorumque.
1066 1171 1155 1238 Item
1178 1171 1388 1260 Augustinus
1399 1147 1458 1198 ‘¹¹⁸²'

337 1272 377 1338 de
401 1271 549 1340 Givitete
579 1274 644 1340 Dei
674 1279 811 1361 propter
836 1274 1002 1340 omnium²
1024 1273 1187 1340 bonorum
1218 1274 1387 1340 abundun-

336 1375 426 1452 tiam,
443 1375 525 1456 Quis
547 1377 644 1454 enim,
677 1377 767 1455 dicit,
791 1376 909 1442 timere
940 1376 1024 1442 aut⁸
1047 1376 1157 1443 dolere
1192 1381 1323 1464 poteret
1353 1378 1389 1442 in

336 1483 507 1544 uneormn
526 1480 689 1545 bonorum
712 1477 893 1558 effluentis,
909 1479 970 1546 ubi
991 1501 1058 1544 non
1079 1478 1213 1548 eberat⁴
1232 1480 1389 1566 quicquid

338 1580 425 1648 bone
461 1581 618 1650 voluntas
651 1582 845 1669 adipisceret
859 1579 881 1659 3⁶
918 1603 979 1648 nec
1008 1581 1117 1648 inerat
1139 1583 1228 1669 quod
1260 1604 1389 1650 carnem

335 1689 394 1750 eut
416 1680 562 1750 hominis
584 1684 732 1750 viventis
755 1685 905 1750 animum
929 1683 1120 1763 offenderet,
1143 1684 1197 1750 vel
1219 1685 1257 1750 in
1278 1685 1389 1771 eliquo

337 1786 533 1854 molestaret.
596 1787 683 1854 Item
714 1793 850 1874 propter
883 1809 1045 1853 summam
1076 1787 1288 1866 hilaritatem,
1311 1809 1389 1854 nuni

337 1889 498 1956 universae
543 1889 800 1977 pulchritudinis
846 1895 918 1956 eret
969 1891 1257 1978 promptuarium
1302 1890 1391 1957 unde

339 1992 509 2060 Iohannes
551 1993 771 2060 Damascenus
808 1997 953 2060 testatur
990 1999 1060 2058 tem
1098 1993 1252 2060 arborum
1291 2014 1390 2080 quem

338 2094 459 2160 florum
488 2096 700 2182 pulchritudo
727 2095 1011 2162 Immercessibilis.
1067 2095 1155 2162 Num
1186 2097 1318 2162 arbores
1340 2117 1390 2163 co-

339 2218 428 2264 mem
451 2219 517 2264 non
539 2198 692 2286 perdunt,
716 2198 812 2264 flores
835 2219 902 2264 non
924 2202 1137 2266 marcescunt.
1184 2197 1272 2264 Item
1295 2221 1390 2286 prop·

339 2306 392 2368 ter
422 2322 583 2366 summum
608 2301 857 2386 jocunditatem,
882 2297 994 2387 quod⁰
1023 2305 1203 2368 attestetur
1224 2300 1391 2368 fructuum

340 2403 488 2484 dulcedc,
513 2403 592 2490 quia
613 2403 662 2469 ibi
685 2408 737 2470 est
760 2425 856 2470 omne
890 2403 1020 2489 lignum
1043 2403 1119 2470 visu
1149 2403 1333 2491 pulchrum,
1357 2409 1393 2469 et

340 2506 573 2573 suavissimum
606 2506 651 2572 ed
681 2505 899 2574 vescendum:
925 2505 1062 2572 Genesis
1093 2521 1131 2572 11.
1177 2506 1266 2573 Item
1288 2511 1390 2573 attes-

340 2614 433 2676 tetur
468 2609 551 2674 lucis
588 2608 771 2696 plenitude,
810 2630 889 2674 nom
925 2606 1093 2694 puritati⁷
1135 2609 1220 2676 seris
1258 2608 1392 2676 cleritos

340 2711 423 2778 lucis
468 2711 749 2798 proportionetur,
782 2717 823 2778 ut
861 2710 943 2776 dicit
981 2711 1083 2778 Beda.
1131 2710 1220 2779 Item
1258 2716 1393 2799 propter

341 2811 445 2880 solis⁸
482 2814 744 2892 foecunditatem,
784 2814 873 2900 quod
910 2816 1093 2880 attestetur
1137 2813 1281 2880 fontium
1318 2815 1392 2880 irri-

339 2915 491 3004 gantium
541 2916 745 2994 multitud03
795 2916 892 2996 unde,
939 2915 1075 2982 Genesis
1110 2933 1146 2983 11.
1209 2917 1298 2984 Fons
1342 2893 1395 2984 ass

341 3019 501 3086 cendebst
539 3024 573 3085 et
620 3015 838 3084 Paradisum⁹
873 3019 1044 3105 irrigabat,
1081 3020 1139 3106 qui
1176 3021 1213 3086 in
1251 3026 1394 3108 quotuor

341 3121 481 3188 flumine
519 3127 570 3188 est
607 3120 743 3200 divisus,
784 3120 921 3186 Genesis
955 3138 986 3187 v.
1034 3121 1122 3188 Item
1159 3127 1294 3209 propter
1330 3123 1393 3188 loci

340 3225 559 3304 securitatem,
583 3223 672 3309 quod
695 3227 876 3289 attestetur
898 3224 982 3288 situs
1012 3222 1083 3308 ejus
1114 3223 1258 3290 altitudo
1270 3249 1278 3304 ;
1315 3247 1393 3290 num

340 3325 489 3391 lunarem
516 3326 628 3410 tangit
658 3325 822 3403 circulum,
847 3325 1027 3391 secuudum
1058 3325 1190 3404 Bedem
1216 3330 1251 3392 et
1280 3348 1393 3395 secun-

341 3429 421 3494 dum
445 3427 633 3506 Isidorum;
671 3432 707 3493 et
729 3427 892 3514 pertingit
914 3427 957 3492 nd
987 3449 1095 3494 serem
1122 3428 1280 3515 quietum,
1304 3430 1393 3496 ultra

342 3552 450 3596 serem
487 3529 726 3608 turbulentum,
762 3529 797 3594 in
833 3549 898 3615 quo
936 3533 987 3594 est
1009 3551 1113 3617 vapor
1151 3529 1325 3597 humorum
1359 3539 1394 3599 et

343 3633 504 3699 terminus
542 3629 830 3710 exhalationum,¹⁰
852 3652 992 3716 quorum
1014 3630 1127 3698 fluxus
1149 3635 1184 3698 et
1207 3653 1393 3720 progressus

343 3735 469 3822 corpori
506 3735 615 3800 lunari
652 3734 777 3822 attigit,
815 3739 855 3800 ut
887 3733 1001 3822 prius;
1039 3740 1081 3813 et,
1130 3735 1307 3802 secuudum
1345 3739 1393 3804 rei

342 3837 518 3904 veritatem
550 3836 667 3924 attigit
697 3837 740 3901 ed
774 3834 886 3902 orbem
924 3837 1012 3903 lunee
1047 3837 1207 3918 altiorem,
1240 3843 1279 3904 ut
1312 3840 1394 3907 dicit

342 3941 550 4028 Augustinus
573 3940 614 4006 de
638 3939 787 4006 Oivitete
810 3939 881 4004 Dei.
928 3939 1016 4007 Item
1039 3945 1174 4028 propter
1195 3940 1266 4027 ejus
1288 3941 1393 4009 incor-

376 4243 451 4309 ϋηο]
471 4259 557 4310 neque
593 4243 623 4295 B.
925 4241 1062 4310 'puritatfl
1087 4243 1201 4310 puritate.
1235 4247 1265 4300 B.
1300 4249 1395 4314 purite-

375 4323 514 4389 ²omnium1
529 4327 588 4376 uim.
614 4323 678 4376 ΑΒ.
696 4323 773 4376 heim.
807 4323 840 4376 D.
890 4321 941 4383 tie..
965 4323 998 4378 D.

375 4402 453 4468 ἀνί]
472 4402 520 4453 vel.
553 4402 618 4455 RD.
924 4415 1014 4484 ἐοῙῐε]
1034 4433 1098 4470 corr.
1115 4417 1186 4472 wll?

376 4479 496 4548 Ἥρωι]
510 4481 846 4534 ὴαδοηῑ.1)..ῐὶιεήεηεεᾱ.
926 4523 1108 4594 mamam]
1123 4535 1185 4594 W·
1211 4528 1245 4580 A·
1264 4531 1284 4590 p
1302 4521 1344 4584 ιω.
1361 4532 1394 4583 Β.

377 4572 556 4641 *adspicereq
571 4575 764 4658 concupisceret
781 4575 846 4626 RD.
893 4618 939 4669 pe,
954 4619 1057 4658 mum·
1090 4607 1122 4659 B.

376 4707 472 4774 ἐμαὶ]
492 4710 527 4766 (le
560 4709 595 4759 A·
630 4667 664 4774 ql·
699 4708 729 4760 B·
764 4724 846 4776 quem.
926 4713 1146 4844 gerlandum]
1159 4719 1345 4771 exaltationum.
1365 4719 1395 4770 R

370 4822 375 4834 ·
894 4807 924 4842 ex
962 4829 986 4844 ..
999 4829 1005 4844 .
1018 4793 1136 4846 stlocum.
1174 4797 1206 4849 D.
