3590 5844
560 863 742 916 nnmerum
764 862 1011 916 mammarum
1247 845 1312 920 875

265 1043 358 1124 garet
381 1059 579 1127 magumque
601 1041 688 1127 regie
715 1041 851 1106 Edwini
874 1039 1106 1126 aliquomodo
1130 1038 1314 1124 perimeret,

264 1162 306 1206 ne
336 1141 434 1207 solite
463 1149 536 1208 arte
566 1143 749 1210 adventum
775 1143 1000 1210 Cadwallonie
1026 1140 1196 1220 indicaret,
1227 1138 1317 1226 quod

264 1248 299 1308 et
321 1244 371 1310 ita
392 1246 572 1332 prudenter
587 1269 625 1312 ac
647 1249 793 1312 latenter
816 1246 851 1310 in
866 1247 1005 1312 civitate
1029 1243 1169 1310 Eboraci
1191 1242 1317 1308 factum

264 1353 323 1414 est.
368 1347 452 1414 Erat
474 1350 561 1416 enim
585 1349 634 1414 ibi
656 1373 716 1416 rex
739 1356 773 1416 et
795 1371 911 1436 magua
933 1347 1093 1414 similiter.

311 1448 485 1538 Perempto
509 1453 613 1540 igitur
635 1474 733 1540 mago
756 1475 814 1540 per
837 1451 997 1518 Brienum
1020 1449 1129 1516 adivit
1152 1447 1317 1516 Exoniem

265 1575 403 1642 eamque
424 1554 557 1622 fortiter
578 1557 724 1622 munivit
746 1577 820 1622 curn
836 1556 1039 1620 victualibus
1062 1560 1097 1620 et
1112 1553 1316 1634 Britonibue,

265 1662 300 1722 et
333 1679 372 1724 ea
403 1679 477 1744 quae
508 1657 630 1725 fecerat
663 1659 870 1724 Cadwalloni
907 1658 1087 1724 nuntiavit
1149 1656 1318 1724 Cadwalio

266 1759 349 1826 tolia
380 1762 581 1848 comperiens
613 1763 741 1828 auxilio
772 1762 959 1828 Salomonis
981 1761 1085 1826 fretus
1114 1761 1152 1826 in
1186 1760 1319 1824 Britan·

266 1863 357 1928 niam
380 1858 507 1930 odivit.l
549 1864 720 1932 Oadwallo
743 1887 834 1930 mare
856 1865 1005 1930 sulcante
1021 1863 1135 1930 Penda
1157 1885 1215 1928 rex
1231 1862 1320 1928 Mer·

267 1966 401 2046 ciorum,
425 1989 499 2032 curn
532 1968 750 2034 multitudine
782 1969 930 2034 maxima
962 1966 1133 2032 Saxonum
1157 1965 1319 2030 Brianum

266 2069 304 2134 in
327 2069 457 2136 Exonia
480 2071 616 2138 obsedit.
664 2071 834 2138 Cedwello
865 2077 978 2136 autem
1001 2075 1125 2136 terrem
1148 2067 1320 2156 capiente⁹

267 2177 400 2260 gentem
432 2196 525 2240 suam
559 2173 597 2240 in
634 2180 777 2262 quatuor
810 2173 953 2240 turmie⁸
988 2173 1113 2251 divisit,
1147 2173 1319 2240 commisso

266 2275 383 2363 proelio
414 2276 564 2342 inimicos
587 2276 763 2354 interfecit,
787 2299 898 2366 regem
930 2276 1099 2342 Peandam
1121 2276 1158 2340 in
1180 2275 1321 2341 vinculis

269 2377 425 2446 detinuit.
474 2381 587 2448 Pean‘
609 2381 712 2448 elium
744 2382 874 2447 editum
906 2381 1024 2448 salutis
1057 2403 1124 2446 non
1147 2380 1320 2445 inveniens
1333 2384 1401 2464 A-1?·
1414 2385 1470 2436 633-

214 2475 221 2488 '
268 2480 475 2548 Oedwalloni
498 2506 532 2549 ee
557 2484 717 2560 subdidit,
742 2485 942 2571 promittens
965 2505 1035 2550 ecee
1057 2505 1132 2550 cum
1155 2481 1212 2550 illo
1239 2481 1320 2550 Sax-
1333 2447 1492 2569 gfflffs

268 2605 347 2650 ones
369 2583 644 2673 inquietaturum.
691 2586 911 2672 Triumpbato
947 2585 1479 2672 ἰ110,<>οιινοοειῢὶειρτο-εῡκίΡθῐῑξὶει

268 2687 396 2754 ceribus
425 2689 494 2754 euia
526 2689 675 2776 antiquie
697 2689 800 2754 inivit
832 2709 1041 2775 congressum
1075 2710 1149 2754 oum
1179 2687 1320 2752 Edwino
1333 2651 1476 2782 {suffigi

264 2789 302 2861 in
317 2811 432 2876 eampo
448 2789 547 2880 quae⁶
563 2792 685 2857 dicitur
707 2812 811 2878 usque
834 2791 932 2856 hodie
957 2789 1102 2856 Hedfeld
1115 2789 1145 2871 ;⁶
1167 2790 1215 2856 ibi
1238 2791 1319 2856 ecci-
1333 2797 1470 2916 me&

269 2915 324 2958 eus
347 2902 397 2957 est
422 2893 582 2958 Edwinus
605 2915 679 2958 cum
715 2895 785 2959 filio
811 2916 870 2960 suo
907 2893 1045 2970 Offrido,
1070 2899 1104 2958 et
1127 2893 1449 2983 Godboldusdmbof

268 3016 328 3060 rex
361 2995 527 3062 Oreadum
551 2997 610 3081 qui
642 2997 689 3060 eie
719 3002 858 3062 venerat
884 2996 921 3060 in
952 2997 1121 3062 auxilium
1333 2999 1448 3051 Brevin.

316 3096 446 3162 naara
482 3098 585 3183 igitur
614 3097 755 3162 vicena
793 3097 962 3164 eadwino
993 3098 1162 3166 universa
1197 3099 1322 3187 agro.
1337 3067 1436 3118 noo„

270 3221 344 3266 rum
381 3199 567 3286 provinciae
601 3199 813 3288 pervagando
853 3199 904 3266 ite
941 3199 1163 3268 debacchatus
1204 3209 1255 3268 est
1286 3203 1323 3270 in

271 3303 418 3370 Saxones
449 3299 510 3366 ut⁷
540 3323 600 3368 neo
638 3301 788 3389 eexu[i]⁸
811 3302 965 3368 muliebri
997 3301 1075 3368 vel⁹
1109 3305 1323 3391 parvulorum

271 3406 366 3476 aeteti
396 3410 545 3492 parceret
579 3405 659 3495 quin
691 3427 787 3472 omne
824 3426 929 3494 genus
959 3404 1148 3493 Anglorum
1174 3430 1215 3474 ex
1247 3409 1323 3474 fini·

269 3509 333 3576 bue
364 3508 551 3576 Britanniae
581 3508 785 3589 abradebat3
816 3531 1026 3598 quoscunque
1056 3511 1241 3598 reperiebat
1270 3512 1323 3580 in·

270 3611 396 3678 auditis
419 3611 594 3678 tormentis
618 3610 791 3678 afficiebat.

316 3713 445 3780 Deinde
461 3713 625 3780 commisit
640 3713 795 3802 proelium
818 3735 892 3780 eum
917 3713 1029 3780 Osrieo
1051 3713 1076 3754 ¹⁰
1100 3715 1157 3803 qui
1183 3713 1323 3784 Edwino
1337 3738 1406 3788 Am.
1425 3735 1481 3791 ore.

269 3823 469 3886 eumeceerat
499 3823 534 3884 et
563 3817 658 3884 illum
682 3818 803 3884 occidit
833 3823 868 3883 et
892 3819 975 3886 duee
1005 3826 1142 3907 nepotes
1166 3820 1236 3907 ejus
1266 3823 1323 3908 qui
1338 3806 1491 3926 ssfflfain

271 3928 347 4010 poet
376 3921 470 3988 illum
501 3943 639 4008 regnare
669 3921 861 3988 debuerant
908 3921 1082 3988 Eadenum
1105 3928 1218 3990 autem
1241 3925 1322 3992 occi-
1336 3941 1369 4004 ty
1383 3941 1447 3992 Ced-

271 4025 325 4096 dit
346 4045 457 4112 regern
480 4023 672 4091 Scottorum
695 4025 754 4111 qui
776 4025 824 4092 eis
846 4023 1002 4090 auxiliari
1025 4026 1195 4094 venerat¹¹
1336 4008 1415 4058 '⁸¹¹⁸‘

307 4375 417 4441 'odiam
436 4373 530 4426 Added
546 4375 648 4442 beyond
666 4375 710 4428 the
726 4377 776 4428 end
857 4373 998 4444 Ἠειίΐιὶᾰ]
1017 4373 1114 4432 norem.
1149 4381 1183 4433 D.

273 4455 474 4508 ofelineine,
859 4456 917 4522 ἰή]
937 4457 980 4508 ite.
992 4475 1076 4523 prtem
1112 4461 1145 4512 D.

306 4535 452 4602 ὀαρὶεκίι]
471 4543 595 4600 carpente.
632 4536 697 4589 B.D.
857 4535 950 4600 'carrd
969 4539 1049 4588 texui.
1085 4539 1150 4592 B.D.

307 4615 425 4680 'turm
445 4621 546 4666 turma.
581 4615 645 4666 BJ).
854 4613 926 4680 'vel]
946 4633 999 4668 nec.
1034 4619 1098 4670 ΕΙ).

308 4693 412 4758 *Peon]
433 4693 537 4747 Piendn
561 4695 591 4747 B.
614 4695 707 4747 Perde.
725 4694 758 4747 D.
857 4694 876 4728 ¹⁰
890 4695 991 4762 Orrr're]
1012 4697 1104 4748 (ttrieo.
1138 4699 1169 4750 B.

305 4771 394 4836 Ιςιιιι]
415 4769 443 4839 q.
477 4775 512 4822 Δ.
547 4771 599 4838 qui.
633 4772 698 4824 B.D.
857 4778 874 4808 ¹¹
889 4775 998 4842 veneat]
1017 4785 1145 4830 renerent
1179 4775 1212 4831 Dr
