3696 5794
476 877 539 938 188
775 887 956 937 nonomen
979 885 1224 936 nssronrsnms.

510 1057 638 1114 Aliredus
655 1076 700 1114 rex
720 1057 765 1114 bio
789 1057 1037 1114 Christianissimus
1059 1077 1107 1130 pro
1127 1059 1204 1114 nulla
1221 1075 1250 1112 re
1269 1058 1355 1114 voluit
1373 1057 1443 1112 exire
1460 1063 1524 1112 ante

356 1152 362 1164 '
409 1151 415 1164 '
474 1141 557 1198 finem
568 1143 675 1208 missso,
694 1141 768 1196 uode
786 1142 905 1214 quedem
927 1141 970 1196 die
987 1141 1055 1197 dum
1077 1142 1218 1196 Dunenses
1238 1140 1395 1196 infestarent
1406 1157 1478 1204 eum,
1497 1145 1525 1194 et

474 1227 530 1296 ipse
550 1225 640 1280 noluit
660 1225 730 1280 exire
755 1231 818 1280 sote
839 1227 960 1291 misssm,
978 1225 1062 1280 missa
1083 1225 1218 1296 eomplete
1236 1223 1328 1278 exiens
1349 1242 1413 1278 oum
1431 1224 1525 1294 peusis

475 1309 673 1380 occiditregem
689 1309 779 1380 Coseg
792 1327 856 1364 oum
871 1311 973 1374 lsnoea,
992 1313 1019 1364 et
1038 1308 1128 1364 filium
1146 1307 1216 1378 regis
1232 1325 1296 1362 oum
1316 1306 1416 1378 gladio,
1435 1313 1462 1361 et
1480 1307 1524 1360 slii

472 1398 639 1448 corruerunt.
678 1392 740 1463 lpse
760 1409 824 1447 vero
843 1393 976 1447 sustinuit
997 1407 1041 1446 rx.
1060 1392 1133 1446 belle
1153 1395 1248 1447 contra
1261 1391 1402 1445 Danenses
1419 1390 1449 1444 in
1467 1407 1524 1444 uno

472 1494 553 1542 suno,
574 1475 622 1530 sed
641 1475 753 1530 tandem
773 1476 825 1532 sibi
848 1476 978 1531 remansit
999 1475 1120 1530 victoria.
1164 1474 1330 1528 Willielmus
1355 1473 1523 1528 Malmesbu-

471 1559 605 1614 buriensis
618 1558 651 1614 de
664 1557 753 1613 Gestis
769 1558 877 1628 Regum
892 1559 1056 1630 Anglorum,
1068 1558 1096 1612 li.
1109 1559 1136 1622 2,
1150 1557 1215 1612 dieit
1231 1555 1307 1629 quod
1319 1575 1392 1612 suno
1410 1557 1523 1612 Domini

472 1658 653 1697 ncccaxxn.
666 1641 738 1695 idem
750 1640 887 1706 Alfredus,
908 1642 981 1696 lilius
994 1640 1132 1712 Ethelwlfi
1151 1641 1253 1712 junior,
1268 1645 1424 1695 xxv111.et
1442 1641 1522 1696 semis

472 1725 552 1780 sanis
578 1725 787 1780 laboriosissime
815 1723 947 1796 regnavit.
997 1725 1052 1780 llio
1081 1724 1205 1780 omnium
1235 1727 1378 1794 poetarum
1408 1723 1522 1778 Saxoni-

472 1826 566 1864 oorum
586 1808 764 1880 peritissimus
785 1808 847 1874 fuit,
860 1814 887 1863 et
906 1808 977 1863 inter
995 1825 1089 1864 omnes
1108 1813 1289 1864 snteoessores
1310 1812 1338 1862 et
1358 1825 1523 1862 subsessores

471 1911 537 1948 suos
561 1892 786 1964 sapientissimus,
810 1892 840 1945 in
863 1891 945 1946 armis
969 1896 1107 1956 strenuus,
1133 1891 1163 1944 in
1191 1890 1304 1945 oonsilio
1329 1889 1468 1961 providus,
1492 1891 1522 1944 in

471 1976 580 2031 servitio
592 1975 644 2030 Dei
655 1975 903 2046 evigilantissimus,
916 1975 945 2028 in
957 1974 1121 2048 exequendis
1133 1973 1245 2045 iudiciis
1263 1972 1408 2044 indagstor
1426 1973 1522 2029 disere·

469 2059 602 2114 tissimus.
639 2058 694 2114 llio
711 2075 774 2113 oum
792 2075 808 2113 a
827 2058 915 2113 Danis
933 2057 1057 2131 undique
1075 2062 1247 2130 premeretur,
1266 2062 1409 2128 assumpto
1426 2057 1522 2112 robore

471 2141 593 2215 quinque
623 2141 674 2197 sibi
692 2159 777 2212 regns
799 2141 948 2212 eonjunxit,
972 2141 1111 2198 civitatem
1136 2140 1307 2196 londoniam
1330 2157 1395 2195 oum
1420 2142 1521 2196 caeteris

471 2225 721 2298 circumiacentibus
739 2225 913 2296 recuperavit,
933 2229 960 2279 et
971 2229 1075 2296 partem
1087 2225 1163 2294 regni
1182 2223 1346 2280 Mereiorum
1365 2223 1521 2295 adquisivit.

472 2309 580 2366 Primus
592 2327 689 2381 regum
706 2309 860 2380 Anglorum
874 2327 955 2381 super
966 2314 1054 2364 totam
1065 2308 1196 2379 Angliem
1215 2309 1291 2363 solus
1302 2325 1414 2379 regnare
1431 2309 1521 2379 eoepit.

471 2393 601 2449 Mortuus
620 2398 712 2448 sutem
732 2393 761 2446 in
779 2391 928 2464 magnifiee
945 2393 1056 2448 eeclesia
1077 2392 1236 2464 Wyntoniae
1255 2393 1391 2463 sepelitur,
1410 2392 1459 2448 sed
1477 2391 1522 2447 de-

470 2494 548 2531 mum
563 2477 593 2530 in
610 2477 690 2531 Novo
707 2476 882 2540 Monssterio,
901 2475 978 2548 quod
995 2493 1071 2530 nune
1089 2474 1164 2530 llids
1175 2480 1295 2540 voostur,
1314 2476 1462 2530 trasislstus
1480 2480 1522 2530 est

470 2560 561 2615 ofilio
579 2578 630 2616 suo
648 2559 791 2624 Eduardo,
812 2561 859 2632 qui
877 2560 901 2614 ei
925 2560 1055 2615 successit
1073 2558 1102 2613 in
1126 2577 1228 2631 regno;
1254 2557 1327 2614 idem
1344 2559 1398 2614 fuit
1418 2559 1521 2630 primus

471 2643 631 2699 Edwardus.

507 2726 562 2782 llio
580 2725 718 2791 Alfredus,
739 2731 860 2797 tempore
879 2725 991 2782 Martini
1010 2743 1088 2798 pspae
1105 2741 1149 2791 ιι,
1162 2725 1266 2797 primus
1283 2727 1407 2782 omnium
1425 2744 1520 2798 regum

470 2809 556 2866 totius
577 2809 725 2864 Britanniae
738 2827 856 2881 regnum
872 2815 900 2865 et
917 2809 1041 2864 disdems
1058 2827 1075 2864 s
1094 2809 1180 2864 Beato
1199 2808 1288 2865 Leone
1306 2827 1378 2881 psps
1394 2811 1520 2880 susoepit.

473 2892 527 2948 Hie
546 2893 714 2948 eleemosinis
735 2893 858 2948 intentus
879 2911 926 2964 per
947 2893 1100 2964 Sigelinum
1120 2891 1341 2949 Sirebumensem
1362 2894 1520 2966 episcopum

473 2976 589 3032 llomsm
607 2981 634 3032 et
652 2976 688 3031 ad
710 2975 843 3031 Sanctum
854 2975 989 3032 Thomsm
1007 2977 1037 3030 in
1060 2976 1168 3030 Indism
1188 2977 1279 3032 multa
1295 2995 1409 3032 munera
1428 2978 1501 3033 misit
1510 3001 1519 3044 ;

471 3061 519 3133 qui
533 3059 605 3115 idem
624 3059 731 3115 rediens
747 3059 860 3115 eximios
876 3059 1033 3131 splendores
1049 3077 1219 3130 gemmarum
1237 3065 1264 3116 et
1279 3061 1398 3132 liquores
1416 3078 1519 3116 erome-

470 3151 532 3200 tum
556 3149 583 3200 et
605 3149 710 3216 partem
730 3143 867 3199 Dominioi
888 3143 969 3214 ligni
989 3161 1006 3198 e
1025 3161 1095 3214 pspa
1114 3143 1235 3199 Martino
1258 3145 1314 3216 regi
1331 3145 1519 3200 transmissam

469 3229 623 3301 reportavit.
642 3227 809 3283 Monsstesis
820 3227 902 3282 etism
914 3227 1032 3299 plurima
1043 3228 1203 3293 construxit,
1215 3229 1324 3294 scilieet,
1336 3229 1518 3300 Adslingism,

468 3319 496 3368 et
515 3313 628 3368 Novum
649 3309 848 3366 Monssterium
865 3310 894 3366 in
919 3310 1079 3382 Wyntonia,
1099 3310 1200 3366 scilicet
1225 3311 1335 3377 Hidsm,
1355 3313 1404 3368 ubi
1429 3314 1518 3368 Grim-

468 3395 582 3452 beldum
601 3396 726 3452 abbatem
749 3395 902 3451 eonstituit.
938 3394 1044 3466 Viginti
1064 3400 1182 3468 quatuor
1205 3394 1286 3450 hores
1308 3395 1361 3450 diei
1380 3401 1407 3452 et
1430 3397 1518 3452 nostis

469 3482 508 3536 its
527 3479 664 3536 dividebat
682 3497 729 3552 per
749 3479 966 3534 oombustionem
986 3478 1105 3534 osudelse
1124 3485 1157 3534 ut
1178 3479 1211 3534 de
1229 3479 1345 3551 singulis
1364 3487 1520 3536 moneretur

469 3563 564 3619 officiis
595 3565 666 3618 siout
689 3563 754 3618 fecit
783 3561 922 3618 Aluredus
949 3579 996 3618 rex
1019 3567 1051 3616 ut
1075 3561 1153 3616 infra
1199 3561 1269 3617 ltem
1292 3561 1433 3619 dimidiam
1457 3584 1519 3636 por-

468 3647 572 3704 tionem
586 3647 712 3702 omnium
728 3663 862 3702 oensuum
876 3645 949 3716 juste
966 3644 1165 3718 adquisitorum
1184 3647 1354 3703 monasteriis
1372 3649 1430 3703 suis
1449 3648 1519 3704 dele·

468 3731 553 3802 gavit,
572 3736 686 3786 cunctos
707 3735 836 3801 praeteres
858 3727 982 3784 redditus
1005 3730 1034 3784 in
1055 3727 1123 3784 dues
1145 3747 1237 3803 seques
1255 3735 1344 3802 peries
1364 3731 1517 3788 dividebat:

467 3831 616 3886 rursusque
627 3813 744 3886 primam
755 3813 785 3868 in
801 3818 864 3878 tres,
877 3829 993 3884 quorum
1008 3812 1124 3884 primam
1139 3813 1271 3868 ministris
1285 3815 1343 3869 suis
1361 3815 1518 3882 curialibus,

469 3897 619 3953 secundam
642 3895 836 3968 operatoribus,
861 3913 931 3968 quos
951 3894 1053 3966 jugiter
1075 3897 1105 3950 in
1125 3914 1259 3952 noverum
1284 3897 1384 3952 sedium
1401 3898 1517 3955 instruc·

468 3980 591 4036 tionibus
618 3979 734 4034 mirabili
762 3978 844 4034 modo
885 3978 1012 4044 hebebst,
1049 3979 1157 4034 tertiam
1188 3980 1299 4036 odvenis
1330 3981 1516 4038 distribuebat.

469 4063 594 4119 Secunda
617 4081 678 4134 pars
701 4061 859 4118 reddituum
883 4063 922 4117 ita
947 4062 1117 4118 dividebatur
1143 4069 1176 4118 ut
1203 4064 1292 4134 prima
1320 4067 1408 4136 portio
1439 4067 1518 4122 detur

468 4145 632 4218 pauperibus
656 4146 774 4217 regionis
799 4165 865 4211 sum,
890 4146 1009 4202 seeundo
1031 4147 1210 4212 monasteriis,
1235 4149 1314 4203 tertia
1341 4149 1515 4215 scholasticis,

468 4233 567 4302 quarta
594 4229 783 4285 trsnsmerinis
812 4229 938 4286 eeclesiis.
991 4229 1137 4286 Justorum
1163 4229 1329 4302 judiciorum
1358 4234 1515 4305 exquisitor,

466 4537 562 4591 elusion
573 4537 603 4588 of
619 4537 661 4588 the
673 4535 771 4588 Second
787 4535 869 4594 Book,
881 4533 910 4586 of
922 4534 964 4586 the
1015 4532 1113 4583 Menum
1132 4532 1154 4584 is
1173 4535 1276 4586 omitted
1295 4536 1323 4586 in
1342 4537 1372 4587 B.
1392 4539 1443 4588 ond
1460 4553 1516 4603 pre·

467 4619 548 4670 Third
570 4616 651 4678 Book,
675 4617 717 4667 the
744 4616 848 4682 Legend
874 4615 905 4665 of
928 4615 964 4666 St
1014 4614 1088 4664 cedes
1106 4614 1149 4663 the
1167 4614 1313 4680 Kneudary
1332 4615 1466 4668 Chroniele
1489 4618 1516 4667 in

466 4697 731 4761 'lbommudmsny
743 4693 865 4746 additions
879 4701 906 4744 to
922 4694 965 4744 the
1015 4692 1047 4742 D.
1082 4693 1107 4743 It
1125 4693 1241 4757 oeeupies
1260 4696 1361 4760 exsotly
1383 4696 1425 4746 the
1448 4713 1515 4749 saum

466 4773 796 4831 Indexsrewritteuind.
825 4773 881 4825 The
898 4772 966 4824 Vade
1015 4775 1124 4838 placeas
1135 4773 1161 4822 in
1174 4774 1206 4824 Δ.
1219 4774 1300 4826 intbe
1313 4775 1369 4827 MS.
1382 4777 1412 4828 Ε.
