<?xml version="1.0" encoding="UTF-8"?>
<!DOCTYPE html PUBLIC "-//W3C//DTD XHTML 1.0 Transitional//EN"
    "http://www.w3.org/TR/xhtml1/DTD/xhtml1-transitional.dtd">
<html xmlns="http://www.w3.org/1999/xhtml" xml:lang="en" lang="en">
 <head>
  <title>
</title>
<meta http-equiv="Content-Type" content="text/html;charset=utf-8" />
  <meta name='ocr-system' content='tesseract 3.04.00' />
  <meta name='ocr-capabilities' content='ocr_page ocr_carea ocr_par ocr_line ocrx_word'/>
</head>
<body>
  <div class='ocr_page' id='page_1' title='image "./eulogiumhistori00haydgoog_0287.png"; bbox 0 0 3696 5794; ppageno 0'>
   <div class='ocr_carea' id='block_1_1' title="bbox 602 873 1356 942">
    <p class='ocr_par' dir='ltr' id='par_1_1' title="bbox 602 873 1356 942">
     <span class='ocr_line' id='line_1_1' title="bbox 602 873 1356 942; baseline 0.008 -7"><span class='ocrx_word' id='word_1_1' title='bbox 602 887 785 938; x_wconf 79' lang='lat' dir='ltr'><strong>nunomuu</strong></span> <span class='ocrx_word' id='word_1_2' title='bbox 808 873 1073 939; x_wconf 79' lang='lat' dir='ltr'><strong>ursroanmuu&#39;</strong></span> <span class='ocrx_word' id='word_1_3' title='bbox 1293 877 1356 942; x_wconf 88' lang='lat'><strong>199</strong></span> 
     </span>
    </p>
   </div>
   <div class='ocr_carea' id='block_1_2' title="bbox 232 1064 1528 3836">
    <p class='ocr_par' dir='ltr' id='par_1_2' title="bbox 299 1064 1528 1460">
     <span class='ocr_line' id='line_1_2' title="bbox 302 1064 1528 1151; baseline -0.004 -19"><span class='ocrx_word' id='word_1_4' title='bbox 302 1065 452 1151; x_wconf 82' lang='lat' dir='ltr'><strong>Cumque</strong></span> <span class='ocrx_word' id='word_1_5' title='bbox 483 1064 586 1132; x_wconf 87' lang='lat' dir='ltr'><strong>frater</strong></span> <span class='ocrx_word' id='word_1_6' title='bbox 623 1065 773 1146; x_wconf 88' lang='lat' dir='ltr'><strong>Hareldi,</strong></span> <span class='ocrx_word' id='word_1_7' title='bbox 817 1065 903 1132; x_wconf 84' lang='lat' dir='ltr'><strong>Grut</strong></span> <span class='ocrx_word' id='word_1_8' title='bbox 947 1066 1088 1146; x_wconf 88' lang='lat' dir='ltr'><strong>nomine,</strong></span> <span class='ocrx_word' id='word_1_9' title='bbox 1130 1065 1226 1130; x_wconf 89' lang='lat' dir='ltr'><strong>cum¹</strong></span> <span class='ocrx_word' id='word_1_10' title='bbox 1268 1066 1528 1142; x_wconf 80' lang='lat' dir='ltr'><strong>Nor-A.D.1oee.</strong></span> 
     </span>
     <span class='ocr_line' id='line_1_3' title="bbox 299 1155 1520 1273; baseline 0.002 -41"><span class='ocrx_word' id='word_1_11' title='bbox 299 1189 497 1233; x_wconf 78' lang='lat' dir='ltr'><strong>mancorum</strong></span> <span class='ocrx_word' id='word_1_12' title='bbox 535 1167 765 1234; x_wconf 85' lang='lat' dir='ltr'><strong>fortitudinem</strong></span> <span class='ocrx_word' id='word_1_13' title='bbox 806 1169 1015 1256; x_wconf 74' lang='lat' dir='ltr'><strong>cognovisset</strong></span> <span class='ocrx_word' id='word_1_14' title='bbox 1065 1173 1100 1233; x_wconf 90' lang='lat' dir='ltr'><strong>et</strong></span> <span class='ocrx_word' id='word_1_15' title='bbox 1148 1168 1258 1234; x_wconf 86' lang='lat' dir='ltr'><strong>fratris</strong></span> <span class='ocrx_word' id='word_1_16' title='bbox 1301 1170 1352 1234; x_wconf 92' lang='lat' dir='ltr'><strong>sui</strong></span> <span class='ocrx_word' id='word_1_17' title='bbox 1366 1155 1520 1273; x_wconf 51' lang='lat' dir='ltr'><strong>{hgffiff</strong></span> 
     </span>
     <span class='ocr_line' id='line_1_4' title="bbox 300 1231 1505 1358; baseline 0.006 -24"><span class='ocrx_word' id='word_1_18' title='bbox 300 1269 442 1336; x_wconf 82' lang='lat' dir='ltr'><strong>Haraldi</strong></span> <span class='ocrx_word' id='word_1_19' title='bbox 456 1269 696 1358; x_wconf 67' lang='lat' dir='ltr'><strong>impotentiam,</strong></span> <span class='ocrx_word' id='word_1_20' title='bbox 720 1271 809 1336; x_wconf 81' lang='lat' dir='ltr'><strong>dixit</strong></span> <span class='ocrx_word' id='word_1_21' title='bbox 830 1271 928 1336; x_wconf 83' lang='lat' dir='ltr'><strong>fratri</strong></span> <span class='ocrx_word' id='word_1_22' title='bbox 950 1292 1009 1336; x_wconf 88' lang='lat' dir='ltr'><strong>suo</strong></span> <span class='ocrx_word' id='word_1_23' title='bbox 1032 1270 1123 1357; x_wconf 85' lang='lat' dir='ltr'><strong>regi:</strong></span> <span class='ocrx_word' id='word_1_24' title='bbox 1150 1271 1294 1337; x_wconf 79' lang='lat' dir='ltr'><strong>Consule</strong></span> <span class='ocrx_word' id='word_1_25' title='bbox 1315 1271 1351 1336; x_wconf 90' lang='lat' dir='ltr'><strong>in</strong></span> <span class='ocrx_word' id='word_1_26' title='bbox 1364 1231 1505 1342; x_wconf 62' lang='lat' dir='ltr'><strong>iouiillu.</strong></span> 
     </span>
     <span class='ocr_line' id='line_1_5' title="bbox 299 1373 1351 1460; baseline 0.002 -22"><span class='ocrx_word' id='word_1_27' title='bbox 299 1373 365 1438; x_wconf 90' lang='lat' dir='ltr'><strong>ista</strong></span> <span class='ocrx_word' id='word_1_28' title='bbox 387 1374 581 1439; x_wconf 87' lang='lat' dir='ltr'><strong>necessitate</strong></span> <span class='ocrx_word' id='word_1_29' title='bbox 599 1374 688 1460; x_wconf 91' lang='lat' dir='ltr'><strong>quod</strong></span> <span class='ocrx_word' id='word_1_30' title='bbox 709 1373 842 1438; x_wconf 85' lang='lat' dir='ltr'><strong>differas</strong></span> <span class='ocrx_word' id='word_1_31' title='bbox 867 1379 902 1439; x_wconf 85' lang='lat' dir='ltr'><strong>et</strong></span> <span class='ocrx_word' id='word_1_32' title='bbox 924 1379 958 1440; x_wconf 94' lang='lat' dir='ltr'><strong>te</strong></span> <span class='ocrx_word' id='word_1_33' title='bbox 982 1373 1252 1460; x_wconf 76' lang='lat' dir='ltr'><strong>aliquantulum²</strong></span> <span class='ocrx_word' id='word_1_34' title='bbox 1275 1375 1351 1440; x_wconf 90' lang='lat' dir='ltr'><strong>sub-</strong></span> 
     </span>
    </p>

    <p class='ocr_par' dir='ltr' id='par_1_3' title="bbox 298 1475 1351 1564">
     <span class='ocr_line' id='line_1_6' title="bbox 298 1475 1351 1564; baseline -0.001 -22"><span class='ocrx_word' id='word_1_35' title='bbox 298 1475 411 1542; x_wconf 83' lang='lat' dir='ltr'><strong>trahas</strong></span> <span class='ocrx_word' id='word_1_36' title='bbox 425 1475 529 1542; x_wconf 84' lang='lat' dir='ltr'><strong>donec</strong></span> <span class='ocrx_word' id='word_1_37' title='bbox 542 1475 630 1542; x_wconf 87' lang='lat' dir='ltr'><strong>vires</strong></span> <span class='ocrx_word' id='word_1_38' title='bbox 652 1477 911 1563; x_wconf 77' lang='lat' dir='ltr'><strong>congregaveris,</strong></span> <span class='ocrx_word' id='word_1_39' title='bbox 926 1498 968 1542; x_wconf 90' lang='lat' dir='ltr'><strong>ne</strong></span> <span class='ocrx_word' id='word_1_40' title='bbox 988 1475 1073 1542; x_wconf 87' lang='lat' dir='ltr'><strong>forte</strong></span> <span class='ocrx_word' id='word_1_41' title='bbox 1095 1476 1246 1562; x_wconf 76' lang='lat' dir='ltr'><strong>perjurus</strong></span> <span class='ocrx_word' id='word_1_42' title='bbox 1268 1499 1351 1564; x_wconf 87' lang='lat' dir='ltr'><strong>pug-</strong></span> 
     </span>
    </p>

    <p class='ocr_par' dir='ltr' id='par_1_4' title="bbox 298 1577 1352 1767">
     <span class='ocr_line' id='line_1_7' title="bbox 299 1577 1352 1666; baseline 0.002 -24"><span class='ocrx_word' id='word_1_43' title='bbox 299 1600 383 1644; x_wconf 84' lang='lat' dir='ltr'><strong>nans</strong></span> <span class='ocrx_word' id='word_1_44' title='bbox 419 1584 559 1646; x_wconf 81' lang='lat' dir='ltr'><strong>mortem</strong></span> <span class='ocrx_word' id='word_1_45' title='bbox 596 1579 651 1644; x_wconf 87' lang='lat' dir='ltr'><strong>vel</strong></span> <span class='ocrx_word' id='word_1_46' title='bbox 688 1578 802 1666; x_wconf 85' lang='lat' dir='ltr'><strong>fugam</strong></span> <span class='ocrx_word' id='word_1_47' title='bbox 839 1579 995 1645; x_wconf 84' lang='lat' dir='ltr'><strong>incmras.</strong></span> <span class='ocrx_word' id='word_1_48' title='bbox 1051 1577 1172 1644; x_wconf 92' lang='lat' dir='ltr'><strong>Noluit</strong></span> <span class='ocrx_word' id='word_1_49' title='bbox 1209 1578 1352 1644; x_wconf 87' lang='lat' dir='ltr'><strong>Hareldi</strong></span> 
     </span>
     <span class='ocr_line' id='line_1_8' title="bbox 298 1679 1352 1767; baseline 0.002 -21"><span class='ocrx_word' id='word_1_50' title='bbox 298 1681 468 1747; x_wconf 70' lang='lat' dir='ltr'><strong>temeritas</strong></span> <span class='ocrx_word' id='word_1_51' title='bbox 504 1679 617 1748; x_wconf 85' lang='lat' dir='ltr'><strong>fratris</strong></span> <span class='ocrx_word' id='word_1_52' title='bbox 649 1681 700 1746; x_wconf 89' lang='lat' dir='ltr'><strong>sui</strong></span> <span class='ocrx_word' id='word_1_53' title='bbox 734 1701 815 1747; x_wconf 86' lang='lat' dir='ltr'><strong>sano</strong></span> <span class='ocrx_word' id='word_1_54' title='bbox 847 1681 982 1748; x_wconf 89' lang='lat' dir='ltr'><strong>oonsilio</strong></span> <span class='ocrx_word' id='word_1_55' title='bbox 1020 1681 1231 1767; x_wconf 87' lang='lat' dir='ltr'><strong>acquiescere,</strong></span> <span class='ocrx_word' id='word_1_56' title='bbox 1270 1680 1352 1748; x_wconf 78' lang='lat' dir='ltr'><strong>sed³</strong></span> 
     </span>
    </p>

    <p class='ocr_par' dir='ltr' id='par_1_5' title="bbox 298 1783 1350 1872">
     <span class='ocr_line' id='line_1_9' title="bbox 298 1783 1350 1872; baseline 0.002 -24"><span class='ocrx_word' id='word_1_57' title='bbox 298 1783 408 1870; x_wconf 88' lang='lat' dir='ltr'><strong>potius</strong></span> <span class='ocrx_word' id='word_1_58' title='bbox 432 1783 558 1850; x_wconf 87' lang='lat' dir='ltr'><strong>malens</strong></span> <span class='ocrx_word' id='word_1_59' title='bbox 579 1783 665 1850; x_wconf 88' lang='lat' dir='ltr'><strong>mori</strong></span> <span class='ocrx_word' id='word_1_60' title='bbox 687 1783 723 1848; x_wconf 93' lang='lat' dir='ltr'><strong>in</strong></span> <span class='ocrx_word' id='word_1_61' title='bbox 747 1783 834 1850; x_wconf 90' lang='lat' dir='ltr'><strong>bello</strong></span> <span class='ocrx_word' id='word_1_62' title='bbox 865 1805 965 1870; x_wconf 85' lang='lat' dir='ltr'><strong>quam</strong></span> <span class='ocrx_word' id='word_1_63' title='bbox 992 1783 1212 1870; x_wconf 79' lang='lat' dir='ltr'><strong>ignominiose</strong></span> <span class='ocrx_word' id='word_1_64' title='bbox 1236 1784 1350 1872; x_wconf 85' lang='lat' dir='ltr'><strong>fugere</strong></span> 
     </span>
    </p>

    <p class='ocr_par' dir='ltr' id='par_1_6' title="bbox 298 1886 543 1953">
     <span class='ocr_line' id='line_1_10' title="bbox 298 1886 543 1953; baseline 0.004 -2"><span class='ocrx_word' id='word_1_65' title='bbox 298 1909 319 1951; x_wconf 94' lang='lat' dir='ltr'><strong>a</strong></span> <span class='ocrx_word' id='word_1_66' title='bbox 342 1886 543 1953; x_wconf 87' lang='lat' dir='ltr'><strong>Normanno.</strong></span> 
     </span>
    </p>

    <p class='ocr_par' dir='ltr' id='par_1_7' title="bbox 296 1987 1516 2777">
     <span class='ocr_line' id='line_1_11' title="bbox 344 1987 1504 2076; baseline 0.002 -22"><span class='ocrx_word' id='word_1_67' title='bbox 344 1989 513 2055; x_wconf 72' lang='lat' dir='ltr'><strong>Har-aldus</strong></span> <span class='ocrx_word' id='word_1_68' title='bbox 535 2011 593 2056; x_wconf 88' lang='lat' dir='ltr'><strong>rex</strong></span> <span class='ocrx_word' id='word_1_69' title='bbox 615 2011 683 2056; x_wconf 92' lang='lat' dir='ltr'><strong>non</strong></span> <span class='ocrx_word' id='word_1_70' title='bbox 709 1988 890 2056; x_wconf 86' lang='lat' dir='ltr'><strong>formidans</strong></span> <span class='ocrx_word' id='word_1_71' title='bbox 908 1989 1135 2076; x_wconf 82' lang='lat' dir='ltr'><strong>juramentum</strong></span> <span class='ocrx_word' id='word_1_72' title='bbox 1170 1987 1504 2056; x_wconf 76' lang='lat' dir='ltr'><strong>WillielmoThetaule</strong></span> 
     </span>
     <span class='ocr_line' id='line_1_12' title="bbox 298 2068 1516 2189; baseline 0 -31"><span class='ocrx_word' id='word_1_73' title='bbox 298 2091 375 2158; x_wconf 89' lang='lat' dir='ltr'><strong>duci</strong></span> <span class='ocrx_word' id='word_1_74' title='bbox 395 2091 474 2157; x_wconf 90' lang='lat' dir='ltr'><strong>olim</strong></span> <span class='ocrx_word' id='word_1_75' title='bbox 495 2093 689 2179; x_wconf 77' lang='lat' dir='ltr'><strong>praestitum,</strong></span> <span class='ocrx_word' id='word_1_76' title='bbox 705 2092 785 2159; x_wconf 76' lang='lat' dir='ltr'><strong>lsesa</strong></span> <span class='ocrx_word' id='word_1_77' title='bbox 807 2092 1007 2158; x_wconf 90' lang='lat' dir='ltr'><strong>conscientia</strong></span> <span class='ocrx_word' id='word_1_78' title='bbox 1021 2092 1146 2158; x_wconf 87' lang='lat' dir='ltr'><strong>vexilla</strong></span> <span class='ocrx_word' id='word_1_79' title='bbox 1167 2093 1291 2180; x_wconf 73' lang='lat' dir='ltr'><strong>regalia</strong></span> <span class='ocrx_word' id='word_1_80' title='bbox 1311 2093 1348 2158; x_wconf 91' lang='lat' dir='ltr'><strong>in</strong></span> <span class='ocrx_word' id='word_1_81' title='bbox 1361 2068 1516 2189; x_wconf 50' lang='lat' dir='ltr'><strong>{2ngssss</strong></span> 
     </span>
     <span class='ocr_line' id='line_1_13' title="bbox 298 2193 1348 2282; baseline 0.002 -22"><span class='ocrx_word' id='word_1_82' title='bbox 298 2195 351 2260; x_wconf 90' lang='lat' dir='ltr'><strong>die</strong></span> <span class='ocrx_word' id='word_1_83' title='bbox 377 2194 492 2260; x_wconf 80' lang='lat' dir='ltr'><strong>Sancti</strong></span> <span class='ocrx_word' id='word_1_84' title='bbox 523 2193 669 2260; x_wconf 88' lang='lat' dir='ltr'><strong>Kalisti⁴</strong></span> <span class='ocrx_word' id='word_1_85' title='bbox 693 2217 788 2282; x_wconf 83' lang='lat' dir='ltr'><strong>papae</strong></span> <span class='ocrx_word' id='word_1_86' title='bbox 813 2194 1005 2282; x_wconf 78' lang='lat' dir='ltr'><strong>displicuit.⁶</strong></span> <span class='ocrx_word' id='word_1_87' title='bbox 1061 2195 1116 2260; x_wconf 90' lang='lat' dir='ltr'><strong>Ibi</strong></span> <span class='ocrx_word' id='word_1_88' title='bbox 1140 2194 1348 2262; x_wconf 80' lang='lat' dir='ltr'><strong>oeciderunt⁶</strong></span> 
     </span>
     <span class='ocr_line' id='line_1_14' title="bbox 298 2297 1349 2384; baseline 0.003 -22"><span class='ocrx_word' id='word_1_89' title='bbox 298 2297 416 2364; x_wconf 86' lang='lat' dir='ltr'><strong>frstres</strong></span> <span class='ocrx_word' id='word_1_90' title='bbox 442 2298 512 2384; x_wconf 89' lang='lat' dir='ltr'><strong>ejus</strong></span> <span class='ocrx_word' id='word_1_91' title='bbox 535 2298 611 2379; x_wconf 90' lang='lat' dir='ltr'><strong>duo,</strong></span> <span class='ocrx_word' id='word_1_92' title='bbox 636 2297 759 2364; x_wconf 90' lang='lat' dir='ltr'><strong>scilicet</strong></span> <span class='ocrx_word' id='word_1_93' title='bbox 775 2297 861 2364; x_wconf 86' lang='lat' dir='ltr'><strong>Grut</strong></span> <span class='ocrx_word' id='word_1_94' title='bbox 883 2302 919 2363; x_wconf 89' lang='lat' dir='ltr'><strong>et</strong></span> <span class='ocrx_word' id='word_1_95' title='bbox 942 2298 1077 2384; x_wconf 87' lang='lat' dir='ltr'><strong>Levvyn,</strong></span> <span class='ocrx_word' id='word_1_96' title='bbox 1100 2319 1175 2364; x_wconf 89' lang='lat' dir='ltr'><strong>cum</strong></span> <span class='ocrx_word' id='word_1_97' title='bbox 1198 2299 1349 2365; x_wconf 91' lang='lat' dir='ltr'><strong>multitu·</strong></span> 
     </span>
     <span class='ocr_line' id='line_1_15' title="bbox 297 2401 1348 2489; baseline 0.002 -23"><span class='ocrx_word' id='word_1_98' title='bbox 297 2401 375 2466; x_wconf 88' lang='lat' dir='ltr'><strong>dine</strong></span> <span class='ocrx_word' id='word_1_99' title='bbox 400 2401 547 2466; x_wconf 84' lang='lat' dir='ltr'><strong>maxima</strong></span> <span class='ocrx_word' id='word_1_100' title='bbox 561 2401 785 2489; x_wconf 86' lang='lat' dir='ltr'><strong>Anglicorum,</strong></span> <span class='ocrx_word' id='word_1_101' title='bbox 810 2401 900 2466; x_wconf 89' lang='lat' dir='ltr'><strong>inter</strong></span> <span class='ocrx_word' id='word_1_102' title='bbox 927 2421 1008 2486; x_wconf 92' lang='lat' dir='ltr'><strong>quos</strong></span> <span class='ocrx_word' id='word_1_103' title='bbox 1032 2401 1102 2487; x_wconf 90' lang='lat' dir='ltr'><strong>ipse</strong></span> <span class='ocrx_word' id='word_1_104' title='bbox 1128 2401 1252 2488; x_wconf 83' lang='lat' dir='ltr'><strong>sagitta</strong></span> <span class='ocrx_word' id='word_1_105' title='bbox 1275 2402 1348 2468; x_wconf 91' lang='lat' dir='ltr'><strong>vul-</strong></span> 
     </span>
     <span class='ocr_line' id='line_1_16' title="bbox 297 2501 1349 2570; baseline 0.002 -2"><span class='ocrx_word' id='word_1_106' title='bbox 297 2508 434 2570; x_wconf 88' lang='lat' dir='ltr'><strong>neratus</strong></span> <span class='ocrx_word' id='word_1_107' title='bbox 458 2503 494 2568; x_wconf 92' lang='lat' dir='ltr'><strong>in</strong></span> <span class='ocrx_word' id='word_1_108' title='bbox 520 2503 613 2569; x_wconf 92' lang='lat' dir='ltr'><strong>oculo</strong></span> <span class='ocrx_word' id='word_1_109' title='bbox 639 2503 807 2569; x_wconf 75' lang='lat' dir='ltr'><strong>lethaliter</strong></span> <span class='ocrx_word' id='word_1_110' title='bbox 831 2501 993 2569; x_wconf 86' lang='lat' dir='ltr'><strong>occubuit.</strong></span> <span class='ocrx_word' id='word_1_111' title='bbox 1048 2503 1094 2568; x_wconf 86' lang='lat' dir='ltr'><strong>Et</strong></span> <span class='ocrx_word' id='word_1_112' title='bbox 1117 2503 1164 2568; x_wconf 79' lang='lat' dir='ltr'><strong>sic</strong></span> <span class='ocrx_word' id='word_1_113' title='bbox 1187 2504 1349 2570; x_wconf 89' lang='lat' dir='ltr'><strong>contritus</strong></span> 
     </span>
     <span class='ocr_line' id='line_1_17' title="bbox 296 2605 1349 2694; baseline 0 -21"><span class='ocrx_word' id='word_1_114' title='bbox 296 2612 347 2673; x_wconf 87' lang='lat' dir='ltr'><strong>est</strong></span> <span class='ocrx_word' id='word_1_115' title='bbox 384 2605 525 2671; x_wconf 88' lang='lat' dir='ltr'><strong>Haraldi</strong></span> <span class='ocrx_word' id='word_1_116' title='bbox 562 2606 648 2694; x_wconf 88' lang='lat' dir='ltr'><strong>regis</strong></span> <span class='ocrx_word' id='word_1_117' title='bbox 678 2606 841 2672; x_wconf 84' lang='lat' dir='ltr'><strong>exercitus</strong></span> <span class='ocrx_word' id='word_1_118' title='bbox 870 2609 905 2671; x_wconf 92' lang='lat' dir='ltr'><strong>ct</strong></span> <span class='ocrx_word' id='word_1_119' title='bbox 942 2605 1164 2692; x_wconf 85' lang='lat' dir='ltr'><strong>triumphavit</strong></span> <span class='ocrx_word' id='word_1_120' title='bbox 1193 2628 1349 2673; x_wconf 84' lang='lat' dir='ltr'><strong>numerus</strong></span> 
     </span>
     <span class='ocr_line' id='line_1_18' title="bbox 296 2710 545 2777; baseline 0 -1"><span class='ocrx_word' id='word_1_121' title='bbox 296 2710 545 2777; x_wconf 85' lang='lat' dir='ltr'><strong>Normannicus.</strong></span> 
     </span>
    </p>

    <p class='ocr_par' dir='ltr' id='par_1_8' title="bbox 232 2809 1517 3836">
     <span class='ocr_line' id='line_1_19' title="bbox 341 2809 1512 2900; baseline 0 -22"><span class='ocrx_word' id='word_1_122' title='bbox 341 2813 445 2879; x_wconf 81' lang='lat' dir='ltr'><strong>Facta</strong></span> <span class='ocrx_word' id='word_1_123' title='bbox 467 2818 576 2900; x_wconf 84' lang='lat' dir='ltr'><strong>strage</strong></span> <span class='ocrx_word' id='word_1_124' title='bbox 592 2811 792 2878; x_wconf 87' lang='lat' dir='ltr'><strong>Willielmus</strong></span> <span class='ocrx_word' id='word_1_125' title='bbox 807 2813 844 2878; x_wconf 88' lang='lat' dir='ltr'><strong>in</strong></span> <span class='ocrx_word' id='word_1_126' title='bbox 866 2812 919 2878; x_wconf 86' lang='lat' dir='ltr'><strong>die</strong></span> <span class='ocrx_word' id='word_1_127' title='bbox 943 2811 1076 2878; x_wconf 87' lang='lat' dir='ltr'><strong>Natalis</strong></span> <span class='ocrx_word' id='word_1_128' title='bbox 1099 2811 1235 2878; x_wconf 90' lang='lat' dir='ltr'><strong>Domini</strong></span> <span class='ocrx_word' id='word_1_129' title='bbox 1259 2811 1345 2878; x_wconf 87' lang='lat' dir='ltr'><strong>Lon-</strong></span> <span class='ocrx_word' id='word_1_130' title='bbox 1359 2809 1512 2892; x_wconf 67' lang='lat' dir='ltr'><strong>mantuan</strong></span> 
     </span>
     <span class='ocr_line' id='line_1_20' title="bbox 295 2879 1508 2997; baseline 0.002 -16"><span class='ocrx_word' id='word_1_131' title='bbox 295 2916 403 2982; x_wconf 92' lang='lat' dir='ltr'><strong>doniis</strong></span> <span class='ocrx_word' id='word_1_132' title='bbox 430 2921 480 2982; x_wconf 89' lang='lat' dir='ltr'><strong>est</strong></span> <span class='ocrx_word' id='word_1_133' title='bbox 504 2920 677 2982; x_wconf 89' lang='lat' dir='ltr'><strong>coronatus</strong></span> <span class='ocrx_word' id='word_1_134' title='bbox 703 2921 738 2982; x_wconf 89' lang='lat' dir='ltr'><strong>et</strong></span> <span class='ocrx_word' id='word_1_135' title='bbox 767 2937 828 2981; x_wconf 86' lang='lat' dir='ltr'><strong>rex</strong></span> <span class='ocrx_word' id='word_1_136' title='bbox 852 2914 1056 2982; x_wconf 79' lang='lat' dir='ltr'><strong>acclamatus</strong></span> <span class='ocrx_word' id='word_1_137' title='bbox 1104 2914 1173 2982; x_wconf 90' lang='lat' dir='ltr'><strong>Iste</strong></span> <span class='ocrx_word' id='word_1_138' title='bbox 1199 2916 1285 2982; x_wconf 83' lang='lat' dir='ltr'><strong>feros</strong></span> <span class='ocrx_word' id='word_1_139' title='bbox 1310 2879 1508 2997; x_wconf 54' lang='lat' dir='ltr'><strong>etffifflfm</strong></span> 
     </span>
     <span class='ocr_line' id='line_1_21' title="bbox 295 3017 1453 3106; baseline -0.001 -22"><span class='ocrx_word' id='word_1_140' title='bbox 295 3018 490 3084; x_wconf 83' lang='lat' dir='ltr'><strong>venationes</strong></span> <span class='ocrx_word' id='word_1_141' title='bbox 511 3019 655 3084; x_wconf 88' lang='lat' dir='ltr'><strong>multum</strong></span> <span class='ocrx_word' id='word_1_142' title='bbox 677 3017 819 3083; x_wconf 88' lang='lat' dir='ltr'><strong>amabat.</strong></span> <span class='ocrx_word' id='word_1_143' title='bbox 865 3017 936 3083; x_wconf 84' lang='lat' dir='ltr'><strong>Iste</strong></span> <span class='ocrx_word' id='word_1_144' title='bbox 962 3018 1027 3082; x_wconf 85' lang='lat' dir='ltr'><strong>fuit</strong></span> <span class='ocrx_word' id='word_1_145' title='bbox 1050 3019 1249 3084; x_wconf 83' lang='lat' dir='ltr'><strong>fortissimus</strong></span> <span class='ocrx_word' id='word_1_146' title='bbox 1272 3027 1453 3106; x_wconf 65' lang='lat' dir='ltr'><strong>per-quemf-</strong></span> 
     </span>
     <span class='ocr_line' id='line_1_22' title="bbox 295 3081 1470 3207; baseline -0.001 -19"><span class='ocrx_word' id='word_1_147' title='bbox 295 3127 423 3188; x_wconf 73' lang='lat' dir='ltr'><strong>secum</strong></span> <span class='ocrx_word' id='word_1_148' title='bbox 448 3123 618 3187; x_wconf 88' lang='lat' dir='ltr'><strong>latronum</strong></span> <span class='ocrx_word' id='word_1_149' title='bbox 644 3125 680 3186; x_wconf 89' lang='lat' dir='ltr'><strong>et</strong></span> <span class='ocrx_word' id='word_1_150' title='bbox 703 3120 904 3207; x_wconf 85' lang='lat' dir='ltr'><strong>praedonum,</strong></span> <span class='ocrx_word' id='word_1_151' title='bbox 929 3119 980 3186; x_wconf 87' lang='lat' dir='ltr'><strong>ita</strong></span> <span class='ocrx_word' id='word_1_152' title='bbox 1003 3120 1091 3206; x_wconf 91' lang='lat' dir='ltr'><strong>quod</strong></span> <span class='ocrx_word' id='word_1_153' title='bbox 1113 3126 1208 3187; x_wconf 88' lang='lat' dir='ltr'><strong>nocte</strong></span> <span class='ocrx_word' id='word_1_154' title='bbox 1231 3143 1270 3186; x_wconf 88' lang='lat' dir='ltr'><strong>ac</strong></span> <span class='ocrx_word' id='word_1_155' title='bbox 1291 3085 1391 3187; x_wconf 75' lang='lat' dir='ltr'><strong>die25</strong></span> <span class='ocrx_word' id='word_1_156' title='bbox 1406 3081 1470 3132; x_wconf 75' lang='lat' dir='ltr'><strong>Deo.</strong></span> 
     </span>
     <span class='ocr_line' id='line_1_23' title="bbox 295 3221 1348 3301; baseline 0.001 -13"><span class='ocrx_word' id='word_1_157' title='bbox 295 3223 443 3290; x_wconf 84' lang='lat' dir='ltr'><strong>homines</strong></span> <span class='ocrx_word' id='word_1_158' title='bbox 469 3245 508 3290; x_wconf 87' lang='lat' dir='ltr'><strong>ac</strong></span> <span class='ocrx_word' id='word_1_159' title='bbox 529 3221 668 3301; x_wconf 72' lang='lat' dir='ltr'><strong>feminas,</strong></span> <span class='ocrx_word' id='word_1_160' title='bbox 693 3223 795 3288; x_wconf 86' lang='lat' dir='ltr'><strong>etiam</strong></span> <span class='ocrx_word' id='word_1_161' title='bbox 825 3222 954 3288; x_wconf 91' lang='lat' dir='ltr'><strong>onerati</strong></span> <span class='ocrx_word' id='word_1_162' title='bbox 979 3221 1009 3287; x_wconf 87' lang='lat' dir='ltr'><strong>si</strong></span> <span class='ocrx_word' id='word_1_163' title='bbox 1038 3221 1178 3288; x_wconf 84' lang='lat' dir='ltr'><strong>fuissent</strong></span> <span class='ocrx_word' id='word_1_164' title='bbox 1207 3245 1288 3289; x_wconf 88' lang='lat' dir='ltr'><strong>auro</strong></span> <span class='ocrx_word' id='word_1_165' title='bbox 1313 3229 1348 3290; x_wconf 88' lang='lat' dir='ltr'><strong>ct</strong></span> 
     </span>
     <span class='ocr_line' id='line_1_24' title="bbox 296 3323 1498 3414; baseline 0.002 -22"><span class='ocrx_word' id='word_1_166' title='bbox 296 3331 441 3413; x_wconf 83' lang='lat' dir='ltr'><strong>argento,</strong></span> <span class='ocrx_word' id='word_1_167' title='bbox 459 3327 495 3391; x_wconf 91' lang='lat' dir='ltr'><strong>in</strong></span> <span class='ocrx_word' id='word_1_168' title='bbox 517 3347 596 3414; x_wconf 88' lang='lat' dir='ltr'><strong>pace</strong></span> <span class='ocrx_word' id='word_1_169' title='bbox 618 3325 805 3390; x_wconf 85' lang='lat' dir='ltr'><strong>transirent.</strong></span> <span class='ocrx_word' id='word_1_170' title='bbox 852 3323 1012 3390; x_wconf 86' lang='lat' dir='ltr'><strong>Discessit</strong></span> <span class='ocrx_word' id='word_1_171' title='bbox 1035 3329 1136 3390; x_wconf 83' lang='lat' dir='ltr'><strong>aetate</strong></span> <span class='ocrx_word' id='word_1_172' title='bbox 1161 3345 1229 3391; x_wconf 92' lang='lat' dir='ltr'><strong>non</strong></span> <span class='ocrx_word' id='word_1_173' title='bbox 1253 3347 1346 3391; x_wconf 76' lang='lat' dir='ltr'><strong>sexa</strong></span> <span class='ocrx_word' id='word_1_174' title='bbox 1358 3345 1498 3402; x_wconf 62' lang='lat' dir='ltr'><strong>Rosam</strong></span> 
     </span>
     <span class='ocr_line' id='line_1_25' title="bbox 232 3414 1453 3534; baseline 0 -40"><span class='ocrx_word' id='word_1_175' title='bbox 232 3471 236 3480; x_wconf 88' lang='lat'>·</span> <span class='ocrx_word' id='word_1_176' title='bbox 296 3429 450 3517; x_wconf 84' lang='lat' dir='ltr'><strong>ganarius</strong></span> <span class='ocrx_word' id='word_1_177' title='bbox 472 3435 507 3496; x_wconf 89' lang='lat' dir='ltr'><strong>et</strong></span> <span class='ocrx_word' id='word_1_178' title='bbox 532 3429 576 3494; x_wconf 91' lang='lat' dir='ltr'><strong>ad</strong></span> <span class='ocrx_word' id='word_1_179' title='bbox 599 3427 782 3494; x_wconf 86' lang='lat' dir='ltr'><strong>Oadomum</strong></span> <span class='ocrx_word' id='word_1_180' title='bbox 812 3425 981 3514; x_wconf 72' lang='lat' dir='ltr'><strong>sepultus⁷</strong></span> <span class='ocrx_word' id='word_1_181' title='bbox 1027 3426 1150 3493; x_wconf 88' lang='lat' dir='ltr'><strong>Omnia</strong></span> <span class='ocrx_word' id='word_1_182' title='bbox 1171 3429 1237 3493; x_wconf 85' lang='lat' dir='ltr'><strong>alia</strong></span> <span class='ocrx_word' id='word_1_183' title='bbox 1258 3414 1453 3534; x_wconf 51' lang='lat' dir='ltr'><strong>factaffoggl&#39;i</strong></span> 
     </span>
     <span class='ocr_line' id='line_1_26' title="bbox 295 3519 1431 3619; baseline -0.001 -22"><span class='ocrx_word' id='word_1_184' title='bbox 295 3553 356 3598; x_wconf 85' lang='lat' dir='ltr'><strong>sua</strong></span> <span class='ocrx_word' id='word_1_185' title='bbox 377 3554 398 3597; x_wconf 89' lang='lat' dir='ltr'><strong>a</strong></span> <span class='ocrx_word' id='word_1_186' title='bbox 419 3537 567 3619; x_wconf 85' lang='lat' dir='ltr'><strong>tempore</strong></span> <span class='ocrx_word' id='word_1_187' title='bbox 589 3530 809 3598; x_wconf 85' lang='lat' dir='ltr'><strong>coronationis</strong></span> <span class='ocrx_word' id='word_1_188' title='bbox 828 3551 897 3597; x_wconf 83' lang='lat' dir='ltr'><strong>suaa</strong></span> <span class='ocrx_word' id='word_1_189' title='bbox 917 3551 1021 3616; x_wconf 88' lang='lat' dir='ltr'><strong>usque</strong></span> <span class='ocrx_word' id='word_1_190' title='bbox 1043 3531 1086 3596; x_wconf 90' lang='lat' dir='ltr'><strong>ad</strong></span> <span class='ocrx_word' id='word_1_191' title='bbox 1106 3529 1234 3596; x_wconf 89' lang='lat' dir='ltr'><strong>obitum</strong></span> <span class='ocrx_word' id='word_1_192' title='bbox 1249 3553 1345 3596; x_wconf 90' lang='lat' dir='ltr'><strong>suum</strong></span> <span class='ocrx_word' id='word_1_193' title='bbox 1424 3519 1431 3532; x_wconf 67' lang='lat'>⁸</span> 
     </span>
     <span class='ocr_line' id='line_1_27' title="bbox 296 3633 1458 3720; baseline -0.001 -20"><span class='ocrx_word' id='word_1_194' title='bbox 296 3635 332 3700; x_wconf 88' lang='lat' dir='ltr'><strong>in</strong></span> <span class='ocrx_word' id='word_1_195' title='bbox 356 3633 505 3715; x_wconf 83' lang='lat' dir='ltr'><strong>Francia,</strong></span> <span class='ocrx_word' id='word_1_196' title='bbox 529 3638 564 3700; x_wconf 88' lang='lat' dir='ltr'><strong>et</strong></span> <span class='ocrx_word' id='word_1_197' title='bbox 584 3633 697 3720; x_wconf 87' lang='lat' dir='ltr'><strong>aliqua</strong></span> <span class='ocrx_word' id='word_1_198' title='bbox 719 3633 858 3720; x_wconf 89' lang='lat' dir='ltr'><strong>paucula</strong></span> <span class='ocrx_word' id='word_1_199' title='bbox 880 3633 921 3698; x_wconf 88' lang='lat' dir='ltr'><strong>dc</strong></span> <span class='ocrx_word' id='word_1_200' title='bbox 943 3634 1044 3720; x_wconf 86' lang='lat' dir='ltr'><strong>gestis</strong></span> <span class='ocrx_word' id='word_1_201' title='bbox 1070 3633 1139 3698; x_wconf 89' lang='lat' dir='ltr'><strong>suis</strong></span> <span class='ocrx_word' id='word_1_202' title='bbox 1164 3634 1234 3720; x_wconf 88' lang='lat' dir='ltr'><strong>ipso</strong></span> <span class='ocrx_word' id='word_1_203' title='bbox 1263 3634 1458 3700; x_wconf 72' lang='lat' dir='ltr'><strong>duceForhis</strong></span> 
     </span>
     <span class='ocr_line' id='line_1_28' title="bbox 296 3717 1517 3836; baseline 0.001 -34"><span class='ocrx_word' id='word_1_204' title='bbox 296 3736 467 3817; x_wconf 81' lang='lat' dir='ltr'><strong>existente,</strong></span> <span class='ocrx_word' id='word_1_205' title='bbox 502 3737 539 3802; x_wconf 92' lang='lat' dir='ltr'><strong>in</strong></span> <span class='ocrx_word' id='word_1_206' title='bbox 569 3737 689 3823; x_wconf 90' lang='lat' dir='ltr'><strong>quinto</strong></span> <span class='ocrx_word' id='word_1_207' title='bbox 723 3736 809 3802; x_wconf 92' lang='lat' dir='ltr'><strong>libro</strong></span> <span class='ocrx_word' id='word_1_208' title='bbox 839 3735 1059 3802; x_wconf 86' lang='lat' dir='ltr'><strong>intitulantur</strong></span> <span class='ocrx_word' id='word_1_209' title='bbox 1091 3735 1206 3802; x_wconf 87' lang='lat' dir='ltr'><strong>ordine</strong></span> <span class='ocrx_word' id='word_1_210' title='bbox 1231 3735 1345 3803; x_wconf 87' lang='lat' dir='ltr'><strong>debito</strong></span> <span class='ocrx_word' id='word_1_211' title='bbox 1355 3717 1517 3836; x_wconf 49' lang='lat' dir='ltr'><strong>fflgssds’</strong></span> 
     </span>
    </p>
   </div>
   <div class='ocr_carea' id='block_1_3' title="bbox 295 3837 1430 3927">
    <p class='ocr_par' dir='ltr' id='par_1_9' title="bbox 295 3837 1430 3927">
     <span class='ocr_line' id='line_1_29' title="bbox 295 3837 1430 3927; baseline -0.004 -21"><span class='ocrx_word' id='word_1_212' title='bbox 295 3845 531 3927; x_wconf 88' lang='lat' dir='ltr'><strong>postmortem</strong></span> <span class='ocrx_word' id='word_1_213' title='bbox 557 3839 674 3906; x_wconf 87' lang='lat' dir='ltr'><strong>Sancti</strong></span> <span class='ocrx_word' id='word_1_214' title='bbox 697 3839 783 3925; x_wconf 86' lang='lat' dir='ltr'><strong>regis</strong></span> <span class='ocrx_word' id='word_1_215' title='bbox 807 3838 965 3905; x_wconf 84' lang='lat' dir='ltr'><strong>Edwardi</strong></span> <span class='ocrx_word' id='word_1_216' title='bbox 987 3843 1022 3904; x_wconf 88' lang='lat' dir='ltr'><strong>et</strong></span> <span class='ocrx_word' id='word_1_217' title='bbox 1045 3837 1267 3904; x_wconf 80' lang='lat' dir='ltr'><strong>Confessuris⁸</strong></span> <span class='ocrx_word' id='word_1_218' title='bbox 1353 3849 1430 3902; x_wconf 72' lang='lat' dir='ltr'><strong>Ficta</strong></span> 
     </span>
    </p>
   </div>
   <div class='ocr_carea' id='block_1_4' title="bbox 296 4100 1348 4792">
    <p class='ocr_par' dir='ltr' id='par_1_10' title="bbox 296 4100 1348 4792">
     <span class='ocr_line' id='line_1_30' title="bbox 332 4100 1346 4170; baseline -0.002 -14"><span class='ocrx_word' id='word_1_219' title='bbox 332 4103 418 4170; x_wconf 64' lang='grc' dir='ltr'><strong>ὀνκ]</strong></span> <span class='ocrx_word' id='word_1_220' title='bbox 445 4103 584 4156; x_wconf 73' lang='lat' dir='ltr'><strong>hiemen</strong></span> <span class='ocrx_word' id='word_1_221' title='bbox 604 4101 632 4153; x_wconf 89' lang='lat' dir='ltr'><strong>ln</strong></span> <span class='ocrx_word' id='word_1_222' title='bbox 651 4102 686 4154; x_wconf 77' lang='lat' dir='ltr'><strong>A.</strong></span> <span class='ocrx_word' id='word_1_223' title='bbox 705 4101 734 4154; x_wconf 84' lang='lat' dir='ltr'><strong>in</strong></span> <span class='ocrx_word' id='word_1_224' title='bbox 753 4101 802 4154; x_wconf 78' lang='lat' dir='ltr'><strong>uir-</strong></span> <span class='ocrx_word' id='word_1_225' title='bbox 882 4100 963 4152; x_wconf 82' lang='lat' dir='ltr'><strong>¹Thir</strong></span> <span class='ocrx_word' id='word_1_226' title='bbox 975 4100 1150 4166; x_wconf 76' lang='lat' dir='ltr'><strong>chapterenclr</strong></span> <span class='ocrx_word' id='word_1_227' title='bbox 1161 4101 1188 4152; x_wconf 87' lang='lat' dir='ltr'><strong>ln</strong></span> <span class='ocrx_word' id='word_1_228' title='bbox 1199 4100 1346 4154; x_wconf 84' lang='lat' dir='ltr'><strong>themlddle</strong></span> 
     </span>
     <span class='ocr_line' id='line_1_31' title="bbox 296 4181 1348 4242; baseline 0.001 -8"><span class='ocrx_word' id='word_1_229' title='bbox 296 4184 378 4236; x_wconf 78' lang='lat' dir='ltr'><strong>ferent</strong></span> <span class='ocrx_word' id='word_1_230' title='bbox 388 4183 445 4234; x_wconf 83' lang='lat' dir='ltr'><strong>inlr.</strong></span> <span class='ocrx_word' id='word_1_231' title='bbox 845 4181 905 4234; x_wconf 75' lang='lat' dir='ltr'><strong>ola</strong></span> <span class='ocrx_word' id='word_1_232' title='bbox 922 4181 973 4233; x_wconf 83' lang='lat' dir='ltr'><strong>line</strong></span> <span class='ocrx_word' id='word_1_233' title='bbox 990 4181 1018 4230; x_wconf 90' lang='lat' dir='ltr'><strong>in</strong></span> <span class='ocrx_word' id='word_1_234' title='bbox 1034 4181 1069 4233; x_wconf 84' lang='lat' dir='ltr'><strong>A.</strong></span> <span class='ocrx_word' id='word_1_235' title='bbox 1082 4201 1089 4242; x_wconf 72' lang='lat' dir='ltr'><strong>t</strong></span> <span class='ocrx_word' id='word_1_236' title='bbox 1106 4181 1163 4232; x_wconf 81' lang='lat' dir='ltr'><strong>four</strong></span> <span class='ocrx_word' id='word_1_237' title='bbox 1184 4181 1263 4232; x_wconf 81' lang='lat' dir='ltr'><strong>blank</strong></span> <span class='ocrx_word' id='word_1_238' title='bbox 1282 4181 1348 4234; x_wconf 78' lang='lat' dir='ltr'><strong>lines</strong></span> 
     </span>
     <span class='ocr_line' id='line_1_32' title="bbox 328 4259 1347 4344; baseline 0.002 -34"><span class='ocrx_word' id='word_1_239' title='bbox 328 4273 538 4344; x_wconf 48' lang='lat' dir='ltr'><strong>samm]</strong></span> <span class='ocrx_word' id='word_1_240' title='bbox 573 4281 606 4328; x_wconf 53' lang='grc' dir='ltr'><strong>ω,</strong></span> <span class='ocrx_word' id='word_1_241' title='bbox 641 4273 699 4327; x_wconf 55' lang='lat' dir='ltr'><strong>,dg</strong></span> <span class='ocrx_word' id='word_1_242' title='bbox 732 4273 773 4339; x_wconf 89' lang='lat' dir='ltr'><strong>B.,</strong></span> <span class='ocrx_word' id='word_1_243' title='bbox 845 4259 930 4310; x_wconf 78' lang='lat' dir='ltr'><strong>follow</strong></span> <span class='ocrx_word' id='word_1_244' title='bbox 946 4259 1098 4325; x_wconf 82' lang='lat' dir='ltr'><strong>completing</strong></span> <span class='ocrx_word' id='word_1_245' title='bbox 1117 4275 1133 4310; x_wconf 80' lang='lat' dir='ltr'><strong>a</strong></span> <span class='ocrx_word' id='word_1_246' title='bbox 1149 4275 1219 4326; x_wconf 80' lang='lat' dir='ltr'><strong>page</strong></span> <span class='ocrx_word' id='word_1_247' title='bbox 1252 4261 1347 4327; x_wconf 78' lang='lat' dir='ltr'><strong>incipit</strong></span> 
     </span>
     <span class='ocr_line' id='line_1_33' title="bbox 298 4338 1347 4410; baseline 0.003 -22"><span class='ocrx_word' id='word_1_248' title='bbox 298 4357 398 4410; x_wconf 59' lang='lat' dir='ltr'><strong>med</strong></span> <span class='ocrx_word' id='word_1_249' title='bbox 415 4365 466 4409; x_wconf 53' lang='lat' dir='ltr'><strong>„ug</strong></span> <span class='ocrx_word' id='word_1_250' title='bbox 845 4339 909 4390; x_wconf 79' lang='lat' dir='ltr'><strong>liber</strong></span> <span class='ocrx_word' id='word_1_251' title='bbox 919 4339 1028 4404; x_wconf 85' lang='lat' dir='ltr'><strong>quintus,</strong></span> <span class='ocrx_word' id='word_1_252' title='bbox 1047 4338 1074 4388; x_wconf 91' lang='lat' dir='ltr'><strong>in</strong></span> <span class='ocrx_word' id='word_1_253' title='bbox 1095 4339 1180 4390; x_wconf 87' lang='lat' dir='ltr'><strong>rubrio</strong></span> <span class='ocrx_word' id='word_1_254' title='bbox 1196 4339 1295 4391; x_wconf 80' lang='lat' dir='ltr'><strong>follows</strong></span> <span class='ocrx_word' id='word_1_255' title='bbox 1313 4356 1347 4391; x_wconf 92' lang='lat' dir='ltr'><strong>on</strong></span> 
     </span>
     <span class='ocr_line' id='line_1_34' title="bbox 329 4417 1346 4517; baseline 0 -47"><span class='ocrx_word' id='word_1_256' title='bbox 329 4453 339 4482; x_wconf 59' lang='grc' dir='ltr'>ι</span> <span class='ocrx_word' id='word_1_257' title='bbox 348 4449 403 4517; x_wconf 54' lang='grc' dir='ltr'><strong>κά]</strong></span> <span class='ocrx_word' id='word_1_258' title='bbox 422 4465 471 4502; x_wconf 57' lang='lat' dir='ltr'><strong>om·</strong></span> <span class='ocrx_word' id='word_1_259' title='bbox 505 4449 572 4500; x_wconf 53' lang='lat' dir='ltr'><strong>B&#39;D·</strong></span> <span class='ocrx_word' id='word_1_260' title='bbox 845 4417 889 4470; x_wconf 60' lang='lat' dir='ltr'><strong>th!</strong></span> <span class='ocrx_word' id='word_1_261' title='bbox 899 4419 1122 4484; x_wconf 56' lang='lat' dir='ltr'><strong>umefflsselllss.</strong></span> <span class='ocrx_word' id='word_1_262' title='bbox 1150 4419 1206 4470; x_wconf 64' lang='lat' dir='ltr'><strong>The</strong></span> <span class='ocrx_word' id='word_1_263' title='bbox 1217 4419 1346 4485; x_wconf 68' lang='lat' dir='ltr'><strong>follOWlng</strong></span> 
     </span>
     <span class='ocr_line' id='line_1_35' title="bbox 330 4497 1345 4608; baseline 0.001 -60"><span class='ocrx_word' id='word_1_264' title='bbox 330 4543 339 4572; x_wconf 78' lang='lat'>⁴</span> <span class='ocrx_word' id='word_1_265' title='bbox 350 4541 459 4608; x_wconf 54' lang='lat' dir='ltr'><strong>mn]</strong></span> <span class='ocrx_word' id='word_1_266' title='bbox 472 4541 578 4594; x_wconf 55' lang='lat' dir='ltr'><strong>mm</strong></span> <span class='ocrx_word' id='word_1_267' title='bbox 612 4535 678 4591; x_wconf 48' lang='lat' dir='ltr'><strong>BD·</strong></span> <span class='ocrx_word' id='word_1_268' title='bbox 845 4499 947 4562; x_wconf 81' lang='lat' dir='ltr'><strong>chapter</strong></span> <span class='ocrx_word' id='word_1_269' title='bbox 966 4499 988 4548; x_wconf 90' lang='lat' dir='ltr'><strong>is</strong></span> <span class='ocrx_word' id='word_1_270' title='bbox 1010 4498 1114 4548; x_wconf 79' lang='lat' dir='ltr'><strong>omitted</strong></span> <span class='ocrx_word' id='word_1_271' title='bbox 1133 4497 1159 4547; x_wconf 88' lang='lat' dir='ltr'><strong>in</strong></span> <span class='ocrx_word' id='word_1_272' title='bbox 1183 4497 1222 4559; x_wconf 87' lang='lat' dir='ltr'><strong>B.‚</strong></span> <span class='ocrx_word' id='word_1_273' title='bbox 1244 4500 1295 4549; x_wconf 75' lang='lat' dir='ltr'><strong>and</strong></span> <span class='ocrx_word' id='word_1_274' title='bbox 1317 4499 1345 4590; x_wconf 73' lang='lat' dir='ltr'><strong>in</strong></span> 
     </span>
     <span class='ocr_line' id='line_1_36' title="bbox 331 4577 1345 4700; baseline 0.002 6"><span class='ocrx_word' id='word_1_275' title='bbox 331 4633 487 4700; x_wconf 60' lang='lat' dir='ltr'><strong>aa]</strong></span> <span class='ocrx_word' id='word_1_276' title='bbox 692 4633 724 4683; x_wconf 61' lang='grc' dir='ltr'><strong>υ.</strong></span> <span class='ocrx_word' id='word_1_277' title='bbox 848 4577 1345 4642; x_wconf 63' lang='lat' dir='ltr'><strong>vv</strong></span> 
     </span>
     <span class='ocr_line' id='line_1_37' title="bbox 330 4725 1343 4792; baseline -0.006 0"><span class='ocrx_word' id='word_1_278' title='bbox 330 4725 500 4792; x_wconf 56' lang='lat' dir='ltr'><strong>‘fflffl‘m‘l</strong></span> <span class='ocrx_word' id='word_1_279' title='bbox 518 4725 642 4778; x_wconf 56' lang='lat' dir='ltr'><strong>“eldm-</strong></span> <span class='ocrx_word' id='word_1_280' title='bbox 675 4725 710 4775; x_wconf 72' lang='grc' dir='ltr'><strong>Α·</strong></span> <span class='ocrx_word' id='word_1_281' title='bbox 843 4733 943 4786; x_wconf 85' lang='lat' dir='ltr'><strong>volume</strong></span> <span class='ocrx_word' id='word_1_282' title='bbox 964 4735 1050 4787; x_wconf 84' lang='lat' dir='ltr'><strong>vhiclr</strong></span> <span class='ocrx_word' id='word_1_283' title='bbox 1066 4735 1179 4786; x_wconf 73' lang='lat' dir='ltr'><strong>contains</strong></span> <span class='ocrx_word' id='word_1_284' title='bbox 1203 4735 1246 4786; x_wconf 81' lang='lat' dir='ltr'><strong>the</strong></span> <span class='ocrx_word' id='word_1_285' title='bbox 1266 4735 1343 4786; x_wconf 71' lang='lat' dir='ltr'><strong>liulo²</strong></span> 
     </span>
    </p>
   </div>
   <div class='ocr_carea' id='block_1_5' title="bbox 330 4813 921 4885">
    <p class='ocr_par' dir='ltr' id='par_1_11' title="bbox 330 4813 921 4885">
     <span class='ocr_line' id='line_1_38' title="bbox 330 4813 921 4885; baseline -0.005 -17"><span class='ocrx_word' id='word_1_286' title='bbox 330 4817 471 4885; x_wconf 61' lang='lat' dir='ltr'><strong>lupalm]</strong></span> <span class='ocrx_word' id='word_1_287' title='bbox 490 4825 533 4874; x_wconf 77' lang='lat' dir='ltr'><strong>ert</strong></span> <span class='ocrx_word' id='word_1_288' title='bbox 545 4831 631 4882; x_wconf 79' lang='lat' dir='ltr'><strong>pram.</strong></span> <span class='ocrx_word' id='word_1_289' title='bbox 665 4816 730 4867; x_wconf 90' lang='lat' dir='ltr'><strong>B.D.</strong></span> <span class='ocrx_word' id='word_1_290' title='bbox 842 4813 921 4879; x_wconf 75' lang='lat' dir='ltr'><strong>giam.</strong></span> 
     </span>
    </p>
   </div>
   <div class='ocr_carea' id='block_1_6' title="bbox 0 0 1852 5794">
    <p class='ocr_par' dir='ltr' id='par_1_12' title="bbox 0 0 1852 5794">
     <span class='ocr_line' id='line_1_39' title="bbox 0 0 1852 5794; baseline 0 2"><span class='ocrx_word' id='word_1_291' title='bbox 0 0 1852 5794; x_wconf 95' lang='lat' dir='ltr'><strong> </strong></span> 
     </span>
    </p>
   </div>
  </div>
 </body>
</html>
