3590 5844
422 855 487 918 318
713 871 895 920 rumorum
918 869 1168 920 ursmumuuu.

257 1063 387 1115 Thonis·
422 1045 529 1131 gionis
552 1045 634 1110 viris
665 1047 788 1132 templa
810 1046 968 1111 semiusta
1001 1046 1044 1110 sb
1077 1044 1182 1110 officio
1206 1043 1270 1110 Dei
1292 1041 1472 1110 cessabant.

257 1139 297 1180 ior

256 1131 355 1262 migof
422 1147 530 1212 Tanta
552 1147 661 1212 enim¹
687 1148 895 1236 Paganorum
916 1147 1047 1212 insania
1069 1146 1278 1212 furiabatur.2

257 1265 365 1314 Anum.
468 1249 629 1314 Exinde³
652 1257 831 1316 sonvoosto
863 1249 948 1314 olero
972 1255 1006 1314 et
1028 1249 1149 1334 populo
1173 1247 1344 1312 Piramum
1367 1246 1471 1332 ospel-

421 1350 534 1416 lsnum
566 1373 662 1418 suum
697 1351 945 1438 metropolitani
977 1349 1079 1416 sede⁴
1107 1349 1298 1427 destinavit,
1323 1348 1474 1414 ecelesias

421 1455 590 1538 usquead
628 1453 734 1518 solum
769 1453 954 1519 destructas
985 1457 1133 1530 renovat,
1157 1449 1286 1537 atque⁶
1310 1449 1471 1536 religiosis

421 1555 561 1620 ooetibus
575 1557 720 1622 virorum
737 1578 776 1622 so
791 1557 966 1621 mulierum
985 1553 1146 1620 exornat.⁶
1192 1554 1343 1620 Prooeres
1360 1559 1471 1618 autem

420 1657 655 1744 inquietudine
713 1657 885 1724 Saxonum
932 1655 1085 1743 expulsos
1130 1657 1247 1744 patriis
1292 1655 1472 1721 honoribus

419 1759 611 1826 restaurat!

465 1864 573 1928 Erant
595 1865 643 1930 ibi
658 1869 727 1929 tres
749 1863 869 1928 fratres
891 1863 997 1949 regali
1020 1863 1172 1948 prosapia
1194 1859 1326 1939 exorti,⁸
1340 1860 1472 1938 scilieet,

421 1965 517 2046 Loth,
542 1966 701 2046 Urisnus,
725 1970 760 2030 et
797 1963 1009 2052 Angesulus,⁹
1032 1965 1089 2050 qui
1121 1969 1301 2048 antequem
1325 1961 1472 2028 Saxones

419 2069 673 2152 praevaluissent
695 2067 920 2154 principatum
944 2067 1075 2130 illarum
1099 2067 1245 2152 partium
1267 2065 1475 2143 habuerant3

421 2169 479 2234 hos
520 2171 625 2256 igitur
664 2175 704 2234 ut
739 2184 875 2236 caeteros
907 2175 1045 2254 paterno
1075 2169 1151 2255 jure
1183 2169 1299 2233 dotare
1312 2165 1337 2204 ¹⁰
1359 2167 1475 2232 volens

420 2273 530 2336 reddit
545 2272 716 2358 Anguselo
731 2273 857 2358 regiam
880 2275 1079 2358 potestatem
1096 2270 1294 2347 Scottorum,
1311 2267 1473 2334 fratremn

420 2396 517 2440 suum
529 2374 553 2412 ¹2
570 2375 753 2440 Urrianum
776 2380 904 2460 soeptro
929 2373 1161 2438 Murifensium
1184 2372 1370 2458 insignivit,
1388 2370 1475 2436 Loth

421 2475 537 2556 ver0,¹³
560 2477 617 2561 qui
650 2483 799 2563 tempore
823 2476 951 2540 Aurelii
986 2475 1155 2540 Ambrosii
1188 2495 1332 2540 sororem
1371 2474 1473 2559 ipsius

421 2580 570 2658 duxerat,
596 2601 637 2644 ex
661 2601 726 2664 qua
743 2579 956 2644 Wulwanum
967 2577 991 2615 ¹⁴
1013 2583 1047 2642 et
1072 2577 1285 2642 Monlredum
1308 2582 1475 2663 genuerat,

421 2682 464 2746 ad
512 2682 719 2747 consulatum
759 2682 965 2746 Thotonesiae
983 2679 1007 2716 ¹⁶
1045 2687 1302 2766 caeterarumque
1340 2701 1474 2767 oonpro·
1571 2735 1578 2750 .

421 2784 612 2848 vincialium
629 2781 654 2820 ¹⁶
677 2805 753 2868 quse
769 2781 794 2818 ¹⁷
817 2785 848 2848 ei
871 2783 1090 2869 pertinebunt,
1106 2783 1250 2848 reduxit.

468 2887 618 2970 Denique
657 2907 731 2951 oum
770 2887 874 2950 totius
909 2885 1027 2971 patriae
1060 2890 1186 2950 statum
1217 2886 1254 2950 in
1298 2885 1474 2971 pristinam

422 2990 620 3075 dignitatem
659 2989 845 3054 reduxisset
883 2989 981 3052 duxit
1015 3011 1153 3054 uxorem
1196 2989 1397 3053 Genwaram
1431 3009 1475 3052 ex

422 3091 525 3156 nobili
553 3113 671 3178 genere
714 3091 938 3156 Romanorum
962 3090 1124 3170 editam,¹⁸
1155 3113 1229 3176 quae
1252 3091 1289 3154 in
1328 3091 1475 3156 thalamo

425 3193 562 3258 Oadoris
592 3194 685 3260 ducis
710 3194 851 3259 educata
883 3194 987 3258 totius
1014 3194 1131 3259 insulso
1162 3193 1314 3258 mulieres
1337 3193 1480 3280 pulchri-

422 3297 537 3360 tudine
560 3300 594 3360 et
616 3297 768 3362 bonitate
785 3295 810 3332 ¹⁹
834 3296 1018 3382 superabat.

457 3557 551 3622 'enim]
571 3559 670 3608 etenim.
705 3557 771 3606 Bm.
1012 3555 1136 3622 '‘dotare]
1156 3558 1256 3606 donare.
1269 3555 1477 3606 sommantio

456 3635 740 3701 ²insoniasuriabatur]
754 3635 853 3686 insania
864 3651 926 3699 prae·
976 3635 1043 3699 regis
1067 3635 1208 3685 Scottorum
1231 3650 1275 3698 per
1299 3633 1477 3700 Ar[thuruml.

425 3715 543 3764 valuerat
561 3715 592 3764 B.
611 3715 874 3779 saeritiapraevalebst
893 3715 925 3763 D.
975 3713 1001 3761 in
1013 3728 1092 3778 marg.
1122 3713 1152 3762 B.

457 3793 592 3858 ’Efindel
612 3793 689 3843 Em·
725 3793 757 3843 D·
1008 3805 1023 3835 ¹¹
1030 3805 1153 3870 fratrem]
1173 3821 1229 3870 que.
1248 3807 1305 3855 add.
1339 3805 1406 3854 Bm.

457 3871 650 3937 *metropolitani
667 3872 736 3938 sede]
756 3873 894 3937 Evidently
912 3888 927 3922 a

423 3950 530 4000 mistalro
541 3951 581 4000 lor
597 3950 825 4018 metropolitauus)
836 3953 888 4002 sedi
898 3951 926 4000 in

424 4030 773 4172 εὲροῗέῐᾟρίἑᾏῗωυῗώ
808 4031 839 4080 B'
874 4046 925 4081 me·
1007 4079 1024 4108 ¹⁴
1041 4077 1208 4143 Wulwauum]
1228 4078 1400 4142 wugainum.
1442 4077 1474 4126 Β.

457 4188 562 4252 ⁵ulque]
582 4203 619 4237 ac.
654 4189 684 4238 Β,
1006 4172 1023 4201 ¹³
1036 4171 1197 4236 Ttotonesioe]
1210 4171 1417 4221 Conectedfrom
1427 4169 1476 4220 Lo·

457 4267 589 4331 ⁶exornat]
609 4275 689 4316 ornat,
725 4267 758 4316 Ῑ)Ι
971 4249 1074 4300 doum
1085 4249 1111 4298 in
1123 4249 1159 4300 A.
1192 4249 1346 4300 Iaedmerioe.
1364 4249 1429 4298 B.D.

1007 3896 1025 3925 ¹²
1035 3897 1117 3960 suum]
1137 3911 1185 3944 om.
1221 3897 1253 3946 D.

1007 3988 1024 4018 ¹¹
1037 3987 1103 4052 uero]
1123 3994 1214 4036 autem.
1248 3987 1314 4036 Bi).

353 4353 360 4362 ·
458 4345 612 4409 ἵνιεειαιιναι]
632 4345 747 4395 restituit.
782 4347 847 4395 B.D.
1006 4343 1023 4372 ¹⁸
1040 4342 1282 4408 conprovincialium]
1324 4343 1474 4407 conprovin-

457 4422 569 4486 ⁸eoeorti]
588 4423 644 4472 orti.
678 4423 743 4474 B.D.
972 4420 1075 4470 clarum·
1110 4421 1175 4471 RD·

457 4501 570 4550 ’milicet
587 4540 592 4552 .
612 4539 618 4552 .
637 4539 643 4552 .
662 4539 668 4552 .
687 4501 836 4569 Augurius]
851 4503 927 4562 Loth,
1006 4513 1102 4579 ¹²quoe]
1122 4529 1162 4583 ς).
1197 4513 1232 4564 A.

424 4581 635 4646 videlicstatque
652 4581 764 4631 Urisnus
783 4596 881 4632 necnon
903 4590 927 4630 et
1007 4603 1134 4670 aeduam]
1154 4612 1242 4654 ortam,
1276 4603 1343 4654 BJ),

424 4661 579 4752 Anguselus.
597 4661 662 4711 B.D.
681 4661 791 4725 guselus.
809 4659 925 4726 inmarg.
1007 4695 1059 4745 „et
1074 4695 1191 4762 bonitate]
1211 4712 1259 4747 om·
1294 4695 1327 4744 D.

425 4741 459 4790 A.
476 4755 504 4788 m
516 4739 559 4790 the
570 4739 679 4790 euthor's
690 4741 791 4790 smaller
801 4739 876 4790 hand.
