3674 5800
637 881 821 932 rocosum
844 879 1090 930 mercensem
1344 858 1388 930 77

338 1057 452 1125 Plures
473 1057 576 1124 habet
598 1057 766 1145 regiones:
790 1056 931 1143 populus
953 1054 1079 1118 multus
1102 1055 1137 1118 et
1159 1049 1331 1116 bellicosus
1355 1055 1389 1116 et
1402 1065 1542 1132 osSpain.

336 1161 440 1240 fortis,
473 1181 612 1247 quorum
647 1157 803 1246 quidsm¹
839 1158 995 1222 dicuntur
1032 1154 1220 1220 Graecorum
1252 1152 1388 1230 soboles,

337 1263 394 1328 alii
430 1283 542 1329 eorum
574 1281 777 1328 successores.
823 1259 898 1325 Hoc
933 1257 1085 1323 Isidorus.
1143 1253 1258 1320 Habet
1288 1253 1389 1318 etiam

337 1363 547 1452 provincias⁹
569 1369 666 1430 notas
690 1362 794 1440 nobis,
820 1367 859 1426 ut
887 1360 1058 1426 Galliciam
1089 1355 1186 1444 quae³
1216 1355 1281 1421 sibi
1310 1377 1390 1420 ven-

339 1467 428 1532 dicst
455 1466 603 1532 Grcecam
626 1465 795 1551 originem,
827 1463 998 1529 Asturiam
1020 1461 1066 1526 sic
1088 1460 1212 1526 dictam
1239 1480 1277 1524 eo
1301 1457 1389 1544 quod

339 1567 508 1634 montibus
530 1572 644 1633 contra
678 1565 852 1631 Asterium
883 1565 1008 1630 flumen
1037 1560 1220 1650 und[iqu]e
1253 1561 1299 1625 sit
1330 1560 1391 1625 cir-

339 1675 541 1756 cumseptam
553 1693 562 1750 ;
596 1668 697 1733 habet
729 1671 764 1732 ct
799 1665 1032 1732 Celtiberiam*
1059 1687 1079 1729 a
1102 1663 1205 1730 Gallis
1229 1659 1388 1728 Celticis⁵

339 1795 436 1860 super
459 1771 635 1837 Hiberium
658 1769 782 1835 flumen
804 1768 1025 1834 residentibus
1047 1766 1094 1832 sic
1115 1770 1241 1832 vocata

719 2099 799 2166 Gar.
823 2097 1013 2166 LXXXIX.

758 2309 809 2378 De
823 2309 975 2380 Sicilia.e

385 2511 519 2580 Sroms
539 2537 560 2578 a
583 2513 701 2580 Sicano
733 2537 809 2603 rege
840 2515 947 2602 primo
970 2513 1102 2580 Sicama
1124 2511 1296 2579 nominabo
1320 2514 1391 2592 est3
1404 2529 1536 2598 orsieily.

342 2614 460 2682 deinde
486 2638 507 2681 a
531 2617 643 2682 Siculo
666 2639 743 2704 rege
771 2617 880 2684 Italise
906 2617 1019 2684 Sicilie
1040 2615 1181 2693 vocata!
1203 2612 1281 2701 qui⁸
1302 2614 1391 2680 anti-

342 2717 455 2802 quitus
478 2719 646 2784 Dimatria
669 2718 841 2785 dicebatur
853 2743 862 2800 ;
884 2718 1062 2786 Dimatm'c
1083 2719 1139 2784 vel
1163 2715 1392 2805 lffla'mutato

343 2819 454 2886 Graece
479 2819 619 2887 tainum
642 2821 699 2887 vel
722 2821 902 2908 quadrum
932 2821 1053 2889 Latine
1083 2819 1271 2910 significat,l
1298 2820 1391 2906 quasi

342 2921 431 2988 inter
452 2927 520 2988 tres
541 2922 684 3008 quadras
707 2923 821 2989 divisa.
868 2923 952 2991 Haec
974 2923 1017 2990 ab
1040 2923 1143 2990 Italia
1161 2922 1246 2989 freto
1264 2923 1392 2988 modico

342 3029 394 3090 est
418 3024 527 3090 divisa
552 3025 596 3092 sd
622 3025 773 3092 Africum
799 3025 892 3092 Mare
916 3032 1136 3115 prospectans
1194 3025 1296 3092 Terra
1325 3025 1393 3090 fru-

341 3127 454 3213 gifera,
488 3149 578 3209 auro,
614 3128 765 3194 cavernis
800 3129 983 3210 abundans,
1014 3129 1136 3195 fistulis
1170 3127 1392 3216 penetrabilis,

342 3229 452 3294 ventis
466 3234 501 3296 et
515 3229 672 3317 sulphure
687 3231 792 3318 plena,
814 3231 902 3298 unde
917 3233 965 3298 ibi
979 3232 1091 3298 AEtnse
1108 3231 1233 3297 Montis
1247 3236 1394 3298 aestuant

342 3331 513 3410 incendia3
543 3332 580 3396 in
602 3331 695 3418 cujus
718 3333 808 3399 fretu
824 3333 937 3420 Scylla
957 3339 1008 3400 est
1020 3332 1045 3370 ¹⁰
1062 3333 1257 3417 Charybdis,
1273 3333 1394 3418 quibus

343 3439 403 3500 aut
426 3434 562 3522 navigia
589 3435 811 3502 absorbentur
836 3440 896 3501 aut
907 3434 927 3473 ¹¹
953 3435 1163 3501 colliduntur.
1209 3433 1291 3500 Fuit
1305 3436 1393 3502 enim

344 3536 510 3622 quondam
547 3537 657 3624 putria
687 3536 868 3624 Cyclopum
895 3543 930 3603 et
966 3541 1081 3624 postea
1115 3537 1234 3602 nutrix
1270 3537 1395 3624 (lycha-

343 3637 667 3726 norum;¹’f1ugum
691 3638 823 3718 sterilis,
854 3637 1026 3705 civitatem
1050 3639 1264 3726 principalem
1293 3640 1394 3707 habet

343 3739 547 3826 Syracusam
563 3741 690 3806 sontem
704 3741 805 3807 habet
820 3740 1051 3808 Arethusam¹³
1065 3747 1100 3808 et
1114 3740 1321 3830 Alpbaeum¹⁴
1334 3743 1395 3807 flu·

344 3843 437 3908 vium
466 3843 650 3932 genitorem
680 3864 849 3930 equorum.
897 3843 1002 3910 Inoo
1026 3844 1133 3930 primo
1142 3843 1168 3881 ¹⁶
1189 3845 1327 3912 inventa
1346 3851 1396 3914 est

378 4145 502 4214 Ἰαὼ]
522 4146 632 4212 quidam.
667 4147 700 4199 D.
925 4148 1002 4215 l⁸0⁸1]
1021 4155 1054 4202 et.
1076 4151 1132 4202 add.
1155 4151 1221 4205 B.D.

375 4227 548 4292 ’prociaeicd
568 4227 704 4279 multaret.
719 4227 775 4278 add.
797 4227 828 4278 B.
926 4227 1013 4294 11ιιιιι]
1027 4228 1060 4278 a‘.
1093 4228 1129 4281 A.

376 4305 463 4372 Ἱππ]
482 4321 532 4356 om.
566 4305 633 4356 B.D.
925 4307 944 4338 ¹⁸
957 4307 1134 4377 Cylleneum]
1153 4319 1395 4380 comtyrsnnomm

376 4382 568 4451 wunsam]
588 4383 754 4436 Saltiberiam.
780 4383 811 4436 B.
891 4401 920 4436 or
931 4386 1086 4442 'Iitnnomm
1108 4391 1120 4441 l
1152 4390 1212 4442 Isid
1234 4391 1319 4459 Etym.
1341 4393 1395 4445 xlv.

377 4461 514 4529 ⁵Celticis]
534 4462 646 4515 Celticis.
681 4463 713 4514 B.
891 4463 1045 4520 DeInsulis.

376 4540 501 4608 ‘sicum
521 4542 619 4594 cilicia
654 4541 687 4593 D.
924 4544 943 4574 ¹¹
954 4545 1113 4615 Arethusam]
1131 4550 1280 4603 Aracnsam.
1292 4545 1392 4604 A.B.D.

376 4621 497 4687 'vocam
516 4621 622 4674 estadd
631 4620 663 4674 B.
925 4623 942 4653 ¹⁴
953 4623 1092 4693 Alpium]
1110 4629 1229 4681 Albeum.
1257 4631 1326 4682 Am.
1346 4631 1395 4682 Al·

377 4700 452 4765 ·qm]
472 4715 535 4765 qua.
567 4700 635 4752 Bm.
891 4701 971 4753 bium.
1005 4704 1036 4757 B.

376 4781 533 4848 'alpapteoq
552 4771 626 4843 sliat.
660 4778 695 4830 A.
925 4781 1044 4848 ''primd
1063 4783 1152 4849 prima.
1187 4785 1218 4838 Β.
