3590 5844
455 889 521 952 300
746 901 929 951 eunocum
954 901 1206 950 ursronmumr.

287 1087 414 1140 mems-
456 1093 528 1138 cum
560 1073 720 1140 insidanis
748 1075 981 1142 tantummodo
1011 1074 1144 1162 regibus
1178 1077 1212 1140 et
1243 1093 1355 1140 eorum
1384 1093 1501 1138 exercr-

285 1165 342 1220 tory
354 1157 384 1205 oi*

285 1223 351 1288 king

456 1175 546 1240 tibus
569 1175 777 1242 Britanniam
799 1178 967 1243 remcavit

287 1289 393 1340 Ardor.
501 1277 685 1345 Praedictus
707 1285 819 1346 autem
849 1279 1116 1346 sceleratissimus
1139 1279 1288 1366 proditor
1312 1277 1508 1344 Mordredua

457 1377 643 1446 Chelricum
674 1380 845 1447 Saxonum
872 1381 988 1448 ducem
1019 1381 1230 1452 Germaniam
1261 1381 1436 1460 direxerat,
1467 1384 1507 1442 nt

455 1481 491 1546 in
513 1481 573 1548 ilia
595 1504 816 1570 quoscumque
846 1489 956 1571 posset
986 1484 1164 1550 associaret
1186 1483 1251 1549 sibi
1274 1487 1309 1550 et
1331 1481 1508 1548 cmuciatos

455 1583 633 1652 reduceret.
680 1584 909 1674 spoponderat
933 1586 1052 1651 etium¹
1086 1587 1184 1674 seipsi
1206 1586 1267 1651 hoc
1289 1589 1386 1673 pacto
1409 1583 1508 1649 datu·

456 1708 531 1752 mm
560 1693 691 1776 partem
729 1687 820 1754 iiiam
859 1689 977 1756 insuiae
1016 1711 1090 1776 quac
1120 1711 1142 1754 a
1171 1687 1330 1754 flumine²
1360 1685 1508 1750 Humbri

455 1810 559 1876 usque
589 1790 631 1856 ad
659 1791 806 1858 Seociam
836 1791 1073 1878 porrigebatur,
1104 1795 1141 1856 et
1171 1790 1327 1876 quicquid
1353 1789 1389 1854 in
1421 1788 1493 1854 Can

454 1893 505 1958 cia
528 1892 657 1959 Horsus
681 1900 716 1960 et
747 1893 932 1981 Hengistus
962 1899 1110 1980 tempore.
1140 1893 1332 1981 Vortigerni
1358 1891 1509 1979 possede-

360 2027 364 2034 ·
454 1999 539 2060 rant.
585 1994 634 2060 At
658 1995 714 2062 ille
734 1997 876 2082 peractis
908 1995 975 2062 suis
997 1996 1172 2083 praeceptis
1195 1995 1393 2082 octingentis
1415 1995 1509 2060 navi-
1547 2005 1553 2016 ·

452 2095 514 2162 bus
537 2097 644 2184 plenis
666 2099 803 2164 armatis
824 2099 965 2186 Paganis
987 2098 1200 2186 applicuerat,
1224 2103 1259 2163 ct
1281 2097 1403 2164 foederc
1427 2096 1508 2162 dato

451 2197 529 2264 huic
560 2199 721 2286 proditori
752 2201 847 2286 quasi
883 2202 954 2288 regi
991 2222 1050 2266 suo
1080 2200 1227 2288 parebat.
1276 2200 1509 2266 Associaverat

452 2301 519 2366 sibi
543 2301 683 2382 Scottos,
713 2301 847 2383 Pictos,³
872 2301 1109 2369 Hibernienses
1135 2310 1170 2369 et
1194 2323 1416 2389 quoscumque
1441 2301 1507 2367 cul-

456 2402 547 2469 lebat
573 2403 726 2470 babuisse
751 2407 953 2472 avunculum
978 2390 1074 2471 suum
1099 2404 1197 2472 odio.⁴
1257 2403 1364 2469 Erant
1393 2410 1507 2470 autem

455 2527 567 2571 omnes
601 2529 739 2572 numero
763 2509 856 2594 quasi
890 2509 1060 2596 octoginta
1086 2507 1178 2572 milia
1201 2512 1271 2573 tam
1298 2507 1506 2594 chanorum

456 2629 555 2694 quam
578 2607 844 2676 Christianorum
861 2611 986 2675 auxilio
1008 2611 1120 2690 fretus
1136 2631 1275 2697 quorum
1291 2609 1510 2674 multitudiue

454 2711 632 2776 comitatus
658 2709 808 2777 Arthuro
833 2713 869 2776 in
897 2711 1026 2800 Rutupi
1049 2719 1148 2800 portu
1170 2711 1351 2800 applicanti
1372 2711 1426 2777 in⁵
1449 2712 1507 2776 ob-

456 2813 547 2877 viam
563 2813 666 2893 veuit,
683 2820 717 2878 et
740 2815 913 2882 commisso
935 2815 1052 2902 proelio
1079 2815 1258 2882 inanimam
1286 2814 1381 2880 dedit
1403 2815 1494 2902 appii

451 2913 603 2981 cantibus
625 2913 755 2982 caedem.

502 3017 691 3105 Anguselus
713 3041 774 3083 rex
801 3018 954 3086 Albaniae
985 3025 1019 3085 et
1045 3017 1273 3086 Walwainus⁶
1294 3041 1395 3106 nepos
1421 3019 1508 3106 regis

388 3151 391 3158 ·
453 3141 528 3185 cum
568 3119 866 3188 innumerabilibus
907 3123 980 3188 aliis
1021 3123 1058 3186 in
1095 3121 1148 3188 die
1186 3119 1265 3186 illa⁷
1303 3129 1505 3188 corruerunt.

339 3257 348 3272 ·
457 3223 622 3292 Successit
652 3231 764 3290 autem
794 3225 962 3312 Anguselo
982 3225 1019 3290 in
1045 3247 1184 3312 regnum
1207 3225 1342 3312 quidam
1363 3225 1508 3309 juvenis,

454 3327 566 3393 fratris
591 3327 643 3392 sui
670 3327 791 3393 Uriani
811 3327 908 3408 filius,
931 3327 987 3414 qni
1009 3333 1124 3415 postea
1146 3327 1204 3392 in⁸
1228 3326 1508 3393 decertationibus
1594 3333 1598 3338 '

369 3481 374 3492 .
455 3431 529 3497 istis
560 3429 675 3498 multia
711 3429 901 3518 prmclaruit
934 3431 1162 3518 probitatibus
1222 3429 1401 3516 Postquam
1432 3437 1508 3494 tan-

453 3535 538 3616 dem,
571 3533 634 3599 etsi
666 3539 736 3598 tam
767 3556 889 3621 magno
930 3533 1050 3611 labore,
1080 3533 1181 3598 litora
1223 3533 1336 3620 adepti
1374 3533 1507 3610 fuerint,
1567 3567 1571 3576 ·

460 3643 613 3703 mutuam
638 3635 805 3702 reddendo
835 3637 960 3701 cladem
974 3634 1198 3701 *Mordredum
1229 3642 1264 3701 et
1291 3635 1361 3722 ejus
1384 3635 1508 3700 exerci-

453 3745 526 3806 tum
554 3740 590 3806 in
617 3738 728 3826 fugam
755 3739 980 3826 propulerunt.
1026 3739 1178 3803 Asaiduis
1197 3761 1340 3824 numque
1363 3738 1507 3804 debella-

462 3843 610 3908 tionibus
643 3843 694 3908 usi
725 3841 890 3928 sapienter
919 3849 1047 3906 turmas
1077 3863 1152 3906 suas
1183 3841 1421 3928 disposuerunt,
1450 3841 1508 3926 qui

452 3944 600 4034 partim⁰
632 3967 716 4032 equo
748 3943 937 4010 distributae
960 3943 1021 4010 tali
1055 3945 1151 4010 modo
1174 3943 1390 4010 decertabant
1416 3945 1505 4030 quod

455 4072 529 4115 oum
561 4047 713 4136 pedestre
738 4069 855 4136 agmen
886 4045 928 4112 ad
959 4045 1184 4112 invadendum
1206 4047 1260 4112 vel
1285 4045 1505 4112 resistendum

731 4277 953 4285 -ι--ῃ--ι---,
968 4278 991 4284 --
1008 4277 1035 4284 ..-
1061 4277 1142 4284 -.—-—-
1161 4278 1193 4284 -—
1230 4277 1271 4284 ...ι
1299 4279 1311 4282 -
1346 4279 1357 4282 -
1371 4275 1499 4284 -——·——

358 4469 363 4478 ,
485 4412 590 4479 'etiomJ
609 4428 659 4462 om.
692 4413 756 4462 RD.
1033 4413 1092 4478 Ἢ]
1112 4430 1161 4465 om.
1195 4413 1226 4463 B.

485 4491 619 4558 ²flamine]
638 4491 791 4542 fluminibus.
826 4492 858 4543 D.
1033 4491 1223 4559 'warna-aium]
1244 4493 1420 4558 Walgucniua
1438 4491 1505 4546 RD.

487 4573 582 4640 ’quari
598 4573 649 4637 reci
665 4608 672 4622 .
690 4608 696 4620 .
715 4607 721 4621 .
740 4607 747 4622 .
765 4609 771 4622 .
790 4571 886 4638 Pictor]
906 4587 955 4624 om.
1034 4571 1192 4639 'iudieiHuJ
1211 4589 1259 4624 om.
1293 4575 1323 4624 B.

453 4654 483 4704 B.
518 4654 598 4704 added
609 4651 636 4701 in
646 4665 724 4716 marg.
733 4651 815 4716 prima
828 4667 907 4702 mauu.
1033 4652 1093 4717 Ιἰιι]
1112 4653 1147 4703 vi.
1181 4653 1211 4704 B.

488 4731 621 4783 ‘tabuisse
637 4769 643 4782 .
661 4769 669 4784 .
685 4767 692 4784 .
711 4768 717 4780 .
736 4769 742 4781 .
760 4729 825 4796 odio]
845 4745 943 4782 amneu
1033 4733 1096 4794 'qui
1113 4733 1220 4800 partire]
1250 4749 1306 4799 que.¹
1329 4734 1418 4798 partim
1441 4735 1505 4798 pede

455 4817 507 4868 lum
521 4811 778 4879 ejuaodiobabuirse.
812 4813 845 4864 D.
999 4813 1098 4876 panim.
1138 4814 1201 4866 BJ).
