3656 5800
478 873 543 936 246
778 889 960 938 nuuouluu
983 885 1231 940 nicromenuss

479 1059 650 1145 Hygcmes
679 1059 733 1125 vel
764 1061 947 1148 Vigenius3
978 1067 1118 1150 quartus
1145 1061 1294 1128 Peridur.
1351 1062 1529 1150 Artognllc

477 1161 603 1247 primus
643 1161 683 1226 dc
721 1169 864 1248 quatuor
903 1163 945 1231 c¹
990 1165 1186 1232 Britonibus
1227 1187 1288 1231 rex
1329 1169 1531 1242 coronatum

477 1264 531 1329 hic
561 1265 597 1328 in
631 1265 794 1353 principio
832 1265 928 1355 regni
966 1267 1018 1334 sui
1056 1267 1108 1334 its
1147 1267 1289 1334 crudelis
1327 1272 1363 1334 et
1403 1267 1530 1354 rigidus

477 1365 544 1432 fuit
569 1367 658 1453 quod
688 1368 843 1434 Britones
869 1370 978 1457 ipsum
1008 1391 1029 1434 c
1058 1369 1150 1456 regin
1180 1375 1346 1458 potestate
1376 1369 1529 1457 privave-

309 1475 400 1554 nusur
478 1473 559 1535 runt
589 1473 624 1535 et
654 1469 790 1538 irctrem
819 1493 924 1554 suum,
957 1471 1145 1560 Elydurum
1184 1472 1326 1554 nomine,
1357 1472 1430 1540 icco
1468 1493 1529 1540 suc

304 1543 415 1660 ffiffi
477 1593 588 1660 regem
611 1577 811 1641 statuerunt.

360 1741 375 1774 a
410 1725 430 1767 ·.
522 1676 569 1740 Et
595 1677 727 1762 quendc
756 1693 787 1744 v.
811 1675 945 1744 cnnos’
974 1677 1196 1766 regnaverat}
1220 1697 1319 1766 super
1339 1677 1441 1745 imtrc
1468 1697 1529 1745 suc

304 1793 434 1910 gigantius
476 1777 602 1867 pietate
618 1785 728 1846 motus
749 1801 787 1846 cc
807 1779 1032 1848 misericordia
1052 1783 1110 1869 qui
1131 1803 1191 1848 rex
1214 1781 1331 1861 fuerat,
1348 1780 1528 1870 ipsummet

404 1876 419 1908 0

164 1913 174 1930 ·
306 1924 444 1992 Arrogsno.
476 1881 628 1969 deposuit
652 1888 687 1948 et
712 1883 849 1950 fictrem
879 1906 976 1950 suum
1000 1883 1174 1974 Artognllc
1203 1885 1357 1951 manibus
1386 1885 1527 1972 propriis

474 1985 653 2052 coronavit.

517 2089 610 2156 iimo
631 2091 682 2156 ite
703 2089 857 2170 modeste,
886 2093 1056 2156 mansuete
1082 2109 1162 2177 erga
1186 2089 1342 2156 Britones
1367 2111 1403 2155 se
1423 2089 1526 2177 gessit

471 2191 508 2258 in
533 2193 701 2280 largitate,
722 2193 759 2258 in
783 2192 943 2274 bonitate,
959 2193 995 2258 in
1021 2191 1247 2258 misericordia
1270 2192 1360 2280 quod
1385 2191 1429 2258 sb
1455 2215 1523 2290 om3

472 2297 571 2361 nibus
586 2296 768 2362 vocabatur
792 2302 810 2332 “
821 2318 881 2362 rex
903 2296 1042 2383 pictatis
1055 2293 1085 2378 ;’'
1108 2317 1188 2360 nam
1211 2316 1342 2362 omnem
1364 2294 1525 2382 pietatem

469 2402 504 2464 et
524 2397 540 2486 j
583 2399 695 2464 titiam
710 2403 745 2464 et
767 2397 965 2464 fidelitatem
992 2397 1066 2464 fieri
1092 2395 1170 2464 iecit
1194 2398 1357 2478 omnibus,
1372 2419 1525 2484 personas

468 2499 665 2566 hominum⁴
687 2521 755 2568 non
777 2500 991 2589 respiciendo.
1039 2499 1106 2566 Hic
1131 2499 1287 2590 regnavit
1310 2521 1343 2570 z.
1368 2501 1464 2568 annis
1490 2506 1525 2566 et

467 2603 614 2690 sepultus
636 2609 687 2670 est
709 2603 751 2671 ed
775 2601 954 2692 Kcirleyr!

903 2892 984 2960 Osr.
1009 2889 1083 2960 XX

299 3102 390 3158 Elisus
514 3097 692 3164 Enlsn‘tm
713 3095 836 3162 iterum
860 3095 1016 3162 Elidurus
1058 3095 1095 3160 in
1137 3111 1250 3181 regem
1291 3097 1326 3158 et
1370 3089 1520 3178 pristinae

297 3177 414 3306 Ἠῶ
467 3200 624 3288 dignitati
662 3199 856 3266 restituitur.
903 3197 1003 3266 Duo‘
1040 3196 1157 3263 fratres
1190 3194 1261 3282 ejus
1290 3193 1450 3282 Vigenius
1487 3195 1522 3257 et

296 3307 454 3424 {medum
467 3303 649 3370 Peredurns
675 3325 749 3370 eum
779 3303 837 3368 illo
866 3299 1015 3390 proelicri
1040 3299 1301 3388 aggrediuntur3
1327 3295 1428 3384 potiti
1452 3295 1521 3360 vic-

297 3377 421 3496 „iusvffi‘
467 3407 553 3472 turin
596 3407 690 3472 iilum
739 3405 825 3470 infru
864 3404 982 3470 turrim
1020 3403 1260 3468 Trinuvsntum
1301 3398 1517 3464 incluserunt.

296 3509 410 3564 Peridus.
467 3507 587 3576 Partiti
612 3509 700 3576 enim
726 3513 804 3574 sunt
828 3529 967 3595 regnum
991 3505 1078 3570 inter
1100 3527 1135 3570 se
1158 3503 1262 3589 {equis
1288 3499 1503 3588 portionibus

296 3621 405 3674 Peridus
512 3614 662 3679 Emensis
692 3611 770 3677 inde
800 3627 860 3676 vn.
892 3610 986 3676 cnnis
1017 3607 1101 3675 obiit
1135 3603 1332 3693 Wigenius⁷
1370 3607 1405 3668 et
1438 3607 1519 3668 tunc

294 3689 437 3810 ffeB'r‘iffi.
465 3722 573 3810 totum
603 3736 742 3804 regnum
769 3713 865 3780 cessit
887 3711 1058 3778 Pereduro.
1105 3707 1270 3796 Insignito
1293 3705 1365 3794 ipso
1388 3704 1424 3770 in
1446 3708 1519 3770 toto

465 3842 603 3907 regnum
633 3820 683 3884 ita
711 3817 852 3904 benigne
883 3814 1036 3882 educavit
1065 3817 1105 3880 ut
1134 3811 1176 3878 de
1204 3807 1361 3877 frutribus
1391 3811 1518 3873 antece·

466 3923 620 3989 dentibus
650 3921 742 3988 nulle
771 3917 856 3986 fuit⁸
885 3918 1017 3996 mentio,
1049 3919 1084 3982 ct
1113 3913 1187 3981 illos
1216 3911 1252 3978 in
1281 3911 1430 3978 bonitate
1460 3929 1518 3976 cx-

467 4025 581 4092 cellerc
626 4025 796 4091 diceretur.
842 4019 908 4088 Sed
962 4042 1036 4086 cum
1092 4037 1181 4084 mors
1234 4014 1359 4081 nemini
1403 4012 1516 4101 percit,

466 4129 638 4217 repentino
668 4147 765 4194 cursu
794 4123 980 4203 adveniens,
1006 4121 1115 4209 ipsum
1140 4119 1214 4184 vite
1243 4115 1398 4204 privavit
1443 4113 1517 4179 Eri·

293 4255 410 4311 nndm
461 4234 554 4322 pitur
573 4229 729 4299 continuo
745 4227 902 4294 Elidurus
922 4224 965 4293 0⁰
989 4243 1114 4292 carcere
1135 4225 1170 4290 et
1188 4219 1288 4288 tertio
1306 4219 1343 4285 in
1362 4217 1481 4286 solium
1491 4215 1517 4256 ¹⁰

292 4327 359 4376 third
370 4327 431 4379 time
1068 4356 1073 4364 .

291 4395 362 4461 king.

495 4539 545 4606 ¹0]
565 4554 614 4589 om,
648 4535 683 4588 D,
1042 4523 1138 4592 ⁸Duo]
1157 4521 1237 4577 Dum·
1269 4521 1335 4576 RD·

494 4617 605 4685 2ιιιινιοε]
625 4617 705 4670 annis.
739 4613 770 4667 B.
1041 4617 1212 4686 'Wiyeniud
1230 4615 1363 4683 Vigenius.
1398 4611 1462 4666 RD.

494 4699 671 4768 'reyrauerafl
690 4695 812 4764 regnavit.
847 4693 877 4748 13.
1041 4699 1125 4765 'fuid
1144 4699 1227 4750 inerit.
1260 4697 1327 4749 ΕΙ).

493 4779 646 4846 *huminum
666 4793 716 4829 um.
748 4777 814 4830 RD.
1041 4779 1088 4844 ἐ]
1107 4780 1146 4830 de.
1179 4777 1245 4829 B.D.
1437 4839 1439 4844 Α

495 4857 648 4926 'Kairleer
668 4855 789 4912 Caerleir.
822 4855 852 4908 Β.
1042 4859 1061 4890 ¹⁰
1072 4857 1171 4925 solium]
1190 4857 1262 4910 solio.
1295 4855 1360 4910 ΕΙ).
