3656 5800
503 797 569 862 294
793 807 977 860 uumoluu
1001 805 1251 858 mmmm

932 1079 1011 1147 One.
1029 1079 1131 1145 XLV.

337 1273 394 1325 The
380 1289 461 1340 epto
547 1267 636 1332 Posr
658 1267 727 1334 baec
749 1289 792 1332 ex
815 1267 983 1333 Ooleterlo
1013 1287 1147 1333 nemore
1169 1266 1325 1353 procedet
1346 1263 1449 1332 ardea
1475 1283 1552 1351 quse

336 1341 381 1458 ff,
372 1341 458 1460 ,ff
500 1371 644 1438 insulam
668 1393 726 1458 per
748 1369 920 1436 biennium
949 1369 1212 1447 circumvolobit,

543 1479 711 1541 Noctmno
729 1473 868 1540 clamore
889 1471 1086 1540 convocabit
1105 1471 1255 1538 volutilie
1276 1477 1313 1538 et
1329 1493 1426 1538 omne
1446 1491 1551 1558 genus

499 1577 669 1644 volemum
697 1577 872 1644 associabit
894 1575 982 1658 eibi;

544 1681 588 1746 In
619 1682 764 1748 culturae
798 1679 987 1746 mortalium
1017 1680 1144 1746 irruent
1129 1683 1201 1746 tet
1230 1676 1360 1766 grana¹
1396 1675 1552 1744 messium

500 1784 715 1850 devorabunt

544 1888 706 1974 Sequetur
729 1887 830 1952 famae
852 1885 1010 1974 populum
1037 1890 1071 1952 et
1056 1885 1169 1952 tdira
1194 1884 1381 1950 mortalitas
1404 1883 1555 1960 famem

545 1995 620 2059 ΕΝ
649 2017 724 2061 cum
764 1993 958 2060 calamitas⁸
987 1991 1171 2072 cessaverit,
1207 1991 1317 2056 adibit
1346 1989 1552 2057 detestabilis

499 2101 567 2168 ales
596 2101 716 2168 vellem
743 2100 884 2167 Galabes
913 2105 1013 2186 atque
1040 2123 1112 2165 eam
1143 2099 1179 2164 in
1202 2099 1367 2164 excelsum
1404 2100 1553 2162 montem

501 2203 640 2284 levabit,

545 2307 588 2373 In
629 2306 796 2374 cacumine
834 2305 960 2396 ipsius⁴
996 2305 1163 2392 plantabit
1205 2325 1363 2391 quercum
1401 2307 1436 2370 et
1466 2301 1554 2368 infin

500 2432 609 2478 ramos
630 2410 839 2490 nidificabit;

546 2513 622 2578 Ova
653 2513 720 2578 trie
745 2511 1002 2598 procreabuntur
1029 2511 1065 2576 in
1095 2510 1177 2576 nido
1207 2531 1250 2576 ex
1281 2509 1403 2596 quibus
1432 2507 1551 2596 vulpis,

500 2614 607 2701 lupus,
635 2619 670 2680 et
698 2635 793 2680 ursus
823 2614 1133 2702 procreabuntur3⁶
1177 2611 1376 2680 devorabit⁰
1412 2617 1553 2678 matrem

498 2721 533 2782 et
555 2716 722 2782 asininum
745 2722 846 2804 ceput
869 2718 1024 2804 gestabit.

546 2819 696 2885 Monstro
719 2819 825 2906 igitur
847 2825 1018 2906 assumpto
1043 2820 1182 2886 tenebit
1204 2819 1324 2888 fremas
1353 2841 1431 2886 arrosx
1452 2818 1553 2906 ipsos-

502 2944 567 3007 que
595 2921 633 2986 in
653 2921 847 2988 Neustriam
872 2921 1015 3010 fugabit,

546 3025 596 3090 At
624 3024 689 3112 ipsi
724 3025 920 3092 excitabunt
953 3047 1071 3112 aprum
1110 3025 1285 3092 dentosum
1326 3027 1364 3092 in
1397 3025 1489 3092 illam
1518 3027 1554 3090 et

504 3128 639 3215 navigio
661 3129 785 3194 revecti
807 3125 904 3194 cum⁷
934 3128 1035 3215 vulpe
1057 3129 1332 3216 congredientum

547 3230 1554 3320 Quaecumcertameninieritfingataadelunctunet

502 3357 620 3421 aprum
643 3333 861 3421 inpietatem
886 3333 1042 3400 movebit.

548 3433 629 3500 Mox
658 3433 767 3498 odibit
796 3433 866 3520 ipse
890 3433 1089 3499 sedaverat
1116 3431 1196 3498 dum
1226 3433 1429 3520 superstabit
1455 3433 1554 3500 anbe-

502 3535 588 3599 labit
611 3537 649 3600 in
672 3535 784 3602 oculos
808 3535 880 3622 ejus
902 3541 938 3602 et
958 3535 1094 3614 faciem

547 3637 596 3703 At
611 3639 683 3725 ipm
697 3659 766 3706 non
780 3639 885 3704 oblita
909 3638 1073 3726 praeteriti
1099 3637 1166 3704 doli
1193 3639 1357 3706 mordebit
1382 3639 1554 3707 sinistam

503 3739 620 3827 pedem
645 3739 768 3829 ipsins⁸
793 3747 967 3829 totumque
990 3764 1033 3807 ex
1057 3763 1190 3828 corpore
1223 3737 1353 3824 evellet,

549 3843 647 3910 Saltu
680 3865 809 3931 qnoque
845 3845 933 3910 facto
970 3845 1089 3932 eripiet
1128 3845 1159 3910 ei
1190 3846 1345 3912 dextram
1382 3867 1495 3913 aurem
1519 3852 1554 3913 ct

503 3944 642 4011 ceudam
665 3952 700 4013 et
721 3947 809 4013 infre
831 3969 988 4013 cavernae
1010 3947 1178 4014 montium
1200 3947 1367 4016 delitebit

545 4049 637 4135 Aper
658 4071 737 4137 ergo
770 4050 887 4116 illusus
918 4051 1063 4137 requiret
1089 4051 1207 4138 lupum
1237 4055 1272 4152 et
1302 4073 1416 4118 ursum
1450 4055 1490 4118 ut
1521 4051 1554 4118 ei

504 4149 625 4215 amisso
645 4151 795 4217 membra
816 4175 868 4218 res
869 4153 1004 4234 tituent,

532 4407 538 4437 ¹
550 4406 643 4473 φαια]
657 4406 846 4472 omniapraem.
880 4409 945 4460 B.D.
1082 4411 1091 4440 ¹
1118 4428 1132 4461 r

531 4511 587 4578 ἵει]
606 4519 639 4562 at
667 4512 732 4563 B.D.

531 4615 692 4684 ἐαιιιιιιω]
711 4625 788 4670 unte.
822 4621 879 4671 ass
912 4619 976 4672 sn.
1083 4569 1420 4714 Jfflfflrfflffid·
1454 4574 1520 4625 RD·

530 4723 640 4790 *ι’ριίιιι]
659 4739 764 4790 quoqne.
797 4739 883 4790 prum.
917 4726 982 4778 B.D.
1083 4725 1196 4795 ἰ’ριὶιιι]
1217 4730 1277 4794 ejus
1312 4731 1378 4782 B.D.·
