3696 5794
474 821 538 885 136
773 832 954 885 uumerus
976 832 1224 884 ursmuraauu.

305 1025 444 1080 oswuea
518 1004 722 1094 Propinquus
767 1007 849 1073 satis
893 1011 1051 1095 reputant
1094 1027 1176 1093 quos
1221 1008 1353 1070 centum
1397 1006 1520 1092 gradus

472 1115 647 1196 separant3

514 1212 603 1277 Nam
626 1233 770 1278 summos
793 1211 858 1277 Dei
883 1212 1024 1278 famulos
1046 1215 1248 1278 venerantur
1270 1215 1309 1276 ut
1331 1209 1473 1298 angelos

515 1313 647 1380 Merlini
669 1315 865 1381 vaticinium
887 1319 922 1380 et
943 1313 1096 1400 frequens
1118 1313 1326 1400 sortilegium

516 1419 589 1484 Hos
610 1419 781 1484 consuevit
802 1417 923 1498 fallere,
947 1421 982 1482 et
1001 1418 1045 1482 ad
1066 1417 1154 1482 bella
1175 1417 1356 1504 perducere.

516 1521 624 1586 Mores
646 1521 792 1586 brutales
815 1520 989 1586 Britouum
1013 1519 1093 1585 olim
1115 1519 1176 1601 usi,
1200 1541 1289 1585 nuuc
1312 1519 1490 1596 Saxonum,

515 1623 772 1689 Commutautur
794 1623 830 1688 iu
852 1622 979 1703 melius,
1007 1627 1046 1687 ut
1073 1626 1169 1710 patet
1191 1622 1263 1688 luce
1290 1621 1415 1688 clarius.

515 1725 640 1790 Hortos
663 1731 698 1790 et
720 1746 814 1812 agros
836 1725 1001 1805 excolunt,
1024 1724 1067 1789 ad
1090 1725 1213 1812 oppida
1234 1747 1268 1790 se
1291 1725 1471 1802 conferunt,

514 1828 560 1892 Et
582 1827 709 1894 loricati
731 1828 891 1914 equitant,
915 1831 950 1892 et
974 1826 1110 1893 calceati
1133 1827 1303 1914 peditaut;

515 1929 654 1996 Urbane
675 1953 710 1996 se
728 1931 883 1996 reficiunt
906 1935 941 1996 et
964 1930 1026 1996 sub
1052 1930 1174 2017 tapetis
1204 1929 1384 2007 dormiunt,
1474 1929 1477 1936 ⁴

515 2031 567 2097 Ut
583 2032 775 2118 judicentur
797 2031 930 2117 Asgiici
953 2053 1041 2098 nunc
1062 2033 1173 2120 potius
1195 2055 1295 2119 quam
1318 2030 1457 2097 Wallici.

515 2134 605 2200 Hinc
627 2135 655 2202 si
678 2139 847 2222 quaeratur
869 2136 963 2216 ratio,
987 2135 1131 2221 quietius
1155 2157 1256 2222 quam
1277 2133 1377 2202 sclito

516 2237 584 2304 Cur
607 2237 656 2302 illi
678 2239 800 2304 vivunt
826 2238 932 2318 hodie,
955 2239 992 2302 iu
1014 2260 1091 2303 casu
1114 2241 1195 2303 sunt
1218 2237 1359 2316 divitiae,

515 2340 606 2421 Quas
628 2341 695 2406 citu
718 2363 799 2428 gens
823 2341 893 2408 haec
915 2340 1068 2427 perderet
1090 2340 1119 2406 si
1142 2340 1289 2406 vicissim
1312 2339 1500 2425 confligeret
1512 2362 1521 2417 3

515 2441 627 2509 Timor
648 2443 762 2509 damni
785 2443 845 2510 hos
869 2443 1011 2510 retrahit
1043 2465 1120 2508 uam
1152 2443 1202 2508 nil
1234 2442 1360 2508 habeus
1382 2441 1431 2506 nil
1455 2463 1521 2507 me-

469 2546 544 2612 tuit

513 2650 567 2727 Et,
585 2653 625 2714 ut
647 2650 736 2716 dixit
758 2650 929 2736 satyricus,
954 2657 972 2686 “
981 2653 1096 2716 cantat
1117 2651 1229 2715 viator
1252 2671 1385 2730 vacuus,

513 2753 633 2819 Coram
656 2752 784 2818 latrone
807 2751 932 2818 tutior''
956 2774 1056 2840 quam
1078 2753 1269 2839 phaleratus
1299 2753 1410 2818 ditior.

512 2854 568 2920 Ad
623 2853 841 2943 Bregheynoc
898 2861 949 2922 est
1009 2856 1177 2922 vivarium
1223 2855 1304 2922 satis
1348 2853 1521 2922 abundans

468 2957 617 3046 piscium,
732 2999 743 3018 .

514 3061 610 3148 Saepe
632 3061 749 3128 coloris
772 3061 857 3127 varii
880 3084 1006 3130 comam
1028 3083 1147 3150 gerens
1169 3059 1330 3150 pomerii3

514 3161 726 3230 Structuras¹
753 3164 884 3230 aedificii
906 3165 969 3230 sub
998 3166 1093 3251 aquis
1115 3166 1271 3230 visuntur
1293 3163 1386 3242 inibi,

515 3266 585 3332 Sub
608 3267 684 3334 lacu
706 3289 781 3334 cum
812 3267 857 3332 sit
887 3268 1016 3354 gelidus
1038 3268 1141 3334 mirus
1163 3269 1299 3334 auditur
1329 3267 1464 3332 sonitus

515 3368 553 3434 Si
574 3374 673 3436 terrae
699 3370 849 3458 princeps
871 3371 1009 3452 venerit,
1033 3393 1111 3436 aves
1133 3377 1268 3438 cantare
1284 3369 1431 3456 jusserit,

515 3471 640 3538 Statim
686 3473 882 3560 depromant
927 3474 1103 3554 modulos3
1159 3475 1209 3540 nil
1254 3473 1432 3542 concinunt
1477 3473 1520 3539 ad

470 3580 613 3642 caeteros.

514 3677 622 3744 Juxta
653 3677 819 3746 Keerleon
851 3678 976 3746 moeuia
1005 3679 1049 3746 ad
1079 3680 1145 3746 duo
1175 3679 1319 3748 miliaria

514 3781 591 3847 Stat
613 3781 705 3868 rupis
734 3781 828 3849 fulva
850 3783 992 3848 nimium
1014 3789 1131 3850 contra
1151 3782 1315 3850 solarem²
1345 3785 1484 3866 radium,

515 3885 623 3965 Quam
648 3883 796 3950 Goldclif
815 3907 896 3972 gens
911 3887 1075 3966 nominat,
1095 3891 1135 3952 ut
1154 3909 1272 3952 aurum
1294 3888 1373 3972 quia
1392 3889 1518 3966 mtilat,

513 3987 585 4053 Nec
606 3987 730 4054 frustra
753 3988 794 4054 fit
816 3988 852 4052 iu
873 3989 1012 4076 rupibus
1040 3989 1101 4054 flos
1126 3989 1203 4056 talis
1226 3989 1297 4056 sinc
1319 3989 1489 4056 fructibus

512 4089 550 4156 Si
573 4089 659 4156 foret
681 4091 739 4176 qui
760 4113 818 4178 per
839 4091 960 4158 intima
989 4097 1086 4160 terrae
1109 4113 1211 4158 venas
1233 4097 1268 4158 et
1297 4093 1423 4160 viscera

512 4192 814 4280 Transpeuetraret,
839 4194 954 4262 sedula
984 4195 1135 4263 novisset
1156 4201 1229 4262 arte
1250 4196 1402 4284 praevia3

469 4461 576 4468 --·—-.--
633 4461 777 4469 -—-—-—--
807 4463 889 4470 --...--
922 4460 1515 4474 .--.4————-—--—-————-—

499 4653 667 4726 ἐννοῆσαι]
680 4664 819 4712 memrae.
846 4657 967 4710 B.stmc·
1051 4654 1183 4722 'adcrerfl
1198 4656 1285 4707 sciara
1319 4655 1350 4708 B.

465 4741 529 4790 tura
554 4739 588 4790 D.
