3590 5844
491 844 558 912 352
791 857 977 910 aunooruu
1000 855 1254 908 maronianum.

325 1027 381 1082 ‘1⁴¹¹‘
393 1027 452 1078 ¹¹⁵⁸·
495 1033 675 1110 Medorum,
699 1037 734 1098 et
757 1031 877 1100 Gaium
909 1029 1082 1098 Metellum
1104 1035 1299 1109 senatorem,
1323 1035 1448 1117 quarto
1481 1029 1559 1096 Ser·

324 1103 365 1146 tor

326 1163 398 1226 King

366 1095 425 1159 yos

495 1137 618 1204 torium
641 1157 752 1223 regem
772 1135 889 1222 Libyae
912 1139 948 1200 et
972 1133 1127 1200 Milvium
1151 1139 1352 1212 senatorcm3
1379 1134 1457 1200 haec
1481 1151 1554 1198 1111.

326 1229 430 1280 Armua
493 1241 628 1326 agmina
657 1240 693 1306 in
723 1239 832 1326 prima
862 1239 932 1306 acie
955 1243 1084 1305 statuta
1112 1238 1257 1318 suerunt,
1288 1244 1323 1304 et
1352 1243 1431 1326 post
1455 1237 1552 1325 ipfla¹

493 1343 689 1420 alia1111.,a
711 1341 807 1408 dorso
831 1363 972 1428 quorum
994 1341 1054 1406 uni
1077 1339 1206 1408 Semem
1229 1362 1340 1428 regem
1357 1339 1556 1406 Iturorum²

493 1454 752 1538 praeposuerunt,
775 1448 871 1514 alteri
908 1447 1111 1514 Pandrasum
1144 1469 1254 1536 regem
1276 1447 1428 1535 AEgypti,
1453 1448 1556 1512 tertio

494 1551 671 1618 Policetem
706 1551 822 1616 ducem
860 1549 1039 1638 Phrygias,³
1077 1555 1195 1636 quarto
1233 1549 1393 1616 Teucrum
1435 1551 1555 1616 ducem

495 1655 674 1740 Bithyniae.
714 1654 794 1720 Post
815 1653 885 1720 haeo
907 1673 1037 1740 quoqne
1060 1653 1234 1732 alia1111.;
1256 1654 1363 1740 primo
1386 1653 1556 1734 dederunt

495 1757 659 1838 Quintum
687 1756 864 1823 Oarucinm
896 1760 1089 1834 senatorem,
1120 1755 1262 1822 secundo
1294 1755 1437 1822 Laelium
1464 1755 1554 1821 Osti-

493 1881 613 1940 ensem,
628 1859 730 1926 tertio
753 1857 935 1946 Sulpicium
958 1855 1193 1934 Subbuculum
1210 1863 1330 1943 qua-rto
1354 1857 1552 1924 Mauricium

495 1961 691 2042 Silvannm3
713 1962 783 2048 ipse
807 1965 920 2026 autem
944 1960 1032 2026 inter
1063 1982 1118 2026 eos
1149 1983 1237 2026 nunc
1271 1961 1332 2028 hae
1361 1984 1455 2028 nunc
1478 1962 1554 2026 illac

495 2064 668 2130 incedebat
690 2061 905 2150 suggerendo,
929 2061 1084 2140 docendo,
1101 2062 1244 2148 qualiter
1264 2064 1354 2130 sese⁴
1376 2065 1550 2130 haberent

495 2165 537 2232 In
572 2166 679 2232 medio
713 2167 813 2232 etiam
854 2185 985 2231 auream
1019 2165 1175 2252 aquilam,
1206 2187 1305 2252 quam
1335 2187 1394 2254 pro
1426 2167 1553 2232 vexillo

495 2268 645 2348 duxerat,
672 2269 774 2354 jussit
809 2266 949 2334 firmiter
977 2267 1079 2354 poni⁵
1101 2272 1198 2334 utet
1220 2289 1432 2355 quoscunque
1457 2290 1550 2335 casus

495 2375 696 2458 segregasset
719 2369 912 2437 submonuit
943 2375 983 2436 ut
1004 2369 1056 2436 ad
1089 2391 1161 2436 eam
1188 2371 1311 2437 reverti
1350 2371 1551 2438 festinanter

495 2478 700 2540 conarentur.

906 2820 988 2891 Cae.
1015 2821 1135 2888 LXVI.

540 3027 728 3104 POSTQUAM
761 3019 874 3094 autem
912 3029 948 3096 in
986 3029 1125 3098 adverso
1156 3037 1250 3120 parte
1282 3033 1360 3102 hine
1392 3035 1547 3105 Britones

457 3159 461 3166 ·
494 3128 612 3197 illinc⁶
636 3131 778 3197 Romani
808 3132 925 3199 erectis
947 3137 1112 3200 steterunt
1127 3135 1211 3219 telis,
1236 3137 1408 3204 confestim
1430 3142 1547 3208 audito

494 3233 700 3302 classicorum
735 3235 848 3304 sonitu
880 3257 1000 3324 agmen
1025 3237 1109 3302 illud
1132 3239 1186 3304 cui
1209 3239 1376 3308 Alifatina
1404 3266 1448 3309 ex
1473 3245 1549 3311 His·

493 3337 617 3424 pannis
640 3341 675 3403 et
699 3337 819 3404 Lucius
846 3335 995 3404 Oatellus
1015 3346 1178 3426 praeerant
1210 3342 1245 3406 in
1265 3349 1433 3411 catervam
1456 3348 1547 3414 illam

494 3461 593 3526 quam
618 3461 679 3505 rex
701 3439 824 3506 Seociae
848 3443 883 3504 et
910 3440 980 3506 dux
1004 3439 1182 3509 Cornubiae
1205 3444 1371 3513 ducebant
1392 3449 1548 3516 audacter

492 3543 600 3622 irruit,
638 3543 695 3607 sed
733 3542 825 3608 illam
855 3543 970 3609 stricte
1008 3543 1188 3612 irruentem
1218 3551 1451 3636 nequaquam⁷
1483 3554 1546 3618 dis-

492 3667 628 3732 gregare
651 3642 784 3731 potuit⁸
845 3643 908 3711 Cui
941 3646 1053 3733 itaque
1083 3649 1262 3716 saevissime
1299 3651 1473 3722 invadenti
1496 3677 1547 3721 oc·

492 3749 596 3814 currit
618 3753 751 3814 caterva
772 3768 873 3834 quam
896 3747 1039 3814 Geriuus
1062 3755 1096 3817 et
1118 3751 1204 3818 Boeo
1224 3753 1391 3841 regebant,
1409 3763 1444 3824 et
1468 3761 1546 3826 dum

492 3849 565 3928 alia,
590 3855 629 3916 ut
651 3849 846 3938 pradictum
869 3855 928 3928 est,
945 3851 1120 3932 resisteret,
1136 3855 1246 3922 subito
1268 3879 1364 3924 eursu
1387 3882 1544 3947 equorum

492 3952 653 4039 impetum
675 3953 712 4018 in
737 3951 853 4018 eadem
873 3953 960 4035 fecit,
977 3959 1012 4020 et
1034 3961 1208 4042 penetrata
1233 3958 1292 4024 illa
1313 3961 1465 4029 obviavit
1491 3985 1545 4051 ag·

491 4054 575 4118 mini
612 4054 701 4141 quod
739 4077 799 4120 rex
838 4055 1038 4122 Parthorum
1076 4059 1217 4126 ducebat
1254 4067 1371 4130 eontra
1400 4071 1543 4134 turmam

491 4155 608 4221 Aseilli
627 4157 714 4244 regis
737 4156 911 4226 Dacorum.
957 4157 1028 4226 Nec
1051 4183 1152 4242 mora,
1176 4173 1376 4235 concurrunt
1400 4169 1542 4257 undique

1446 4386 1545 4397 -ι-ψ--·

526 4521 613 4589 ἰ’ροα]
632 4521 695 4574 hac.
729 4522 760 4572 B.
1077 4519 1168 4588 'pouq
1188 4521 1286 4586 apponi.
1320 4525 1351 4574 B.

523 4602 680 4669 Πίνακι]
699 4602 854 4653 Ituraeorum.
893 4602 958 4653 B.D.
1075 4598 1176 4667 ἰἸΙίηο]
1194 4599 1263 4654 hinc.
1296 4603 1362 4654 B.D.

523 4681 671 4748 'Pliryginj
690 4682 786 4734 E'risiae.
820 4681 851 4732 Β.
1075 4679 1258 4746 ’numnam
1277 4697 1326 4732 om.
1359 4683 1427 4734 111).

524 4761 607 4827 ἤπερ]
627 4775 676 4812 cos.
709 4761 741 4813 B.
1074 4759 1185 4831 'potuifl
1203 4775 1360 4831 ncnpraem.
1395 4764 1427 4816 D.
