3656 5800
617 884 799 938 amomon
821 885 1069 938 arsronmauu
1308 876 1373 940 233

322 1079 434 1144 gressu
475 1058 597 1138 caedem
633 1059 751 1126 intulit
788 1057 974 1148 copiosum¹
1018 1063 1053 1126 et
1095 1059 1292 1146 Marganum
1338 1059 1375 1124 in

323 1160 435 1248 surgam
468 1161 623 1248 propulit
670 1162 863 1248 Ounedagio
887 1160 1018 1248 ipsum⁹
1041 1161 1236 1248 insequente
1266 1162 1375 1248 ipsum

323 1263 500 1350 intercepit
528 1264 565 1330 in
594 1264 770 1351 provincie
805 1263 986 1343 Kambriae‚
1024 1263 1083 1350 qui
1112 1268 1189 1351 post
1219 1263 1374 1329 interfec-

322 1366 449 1432 tionem
471 1366 561 1432 illius
583 1367 718 1433 nomine
737 1387 807 1445 suc,
829 1365 1008 1448 videlicet,a
1036 1365 1176 1454 Margan
1209 1366 1376 1452 hucusque

324 1491 345 1532 a
374 1469 573 1556 pagensibus
603 1470 788 1557 appellatus
814 1473 873 1536 est.

367 1569 500 1638 Potitus
542 1593 619 1658 ergo
668 1571 818 1650 victoria,
862 1570 1075 1659 Ounedagius
1112 1571 1218 1638 totius
1257 1571 1375 1637 insulae
1388 1593 1502 1646 canda·

323 1673 543 1739 monarchiam
566 1673 706 1760 adeptus
729 1679 789 1754 est,
813 1695 950 1760 eamque
966 1691 1094 1738 xxxm.
1118 1675 1214 1740 annis
1237 1673 1375 1762 gloriose
1387 1661 1507 1794 {me

323 1776 489 1842 tractavit.
535 1775 655 1842 Ysaias
685 1780 720 1841 et
751 1775 858 1842 Osee⁴
880 1781 962 1842 tunc
985 1777 1237 1864 prophetabant.
1284 1775 1493 1850 TuncBritun.

323 1879 429 1946 Roma
451 1879 595 1946 'condita
626 1884 678 1946 est
709 1901 728 1944 a
762 1877 934 1968 gemellis⁶
967 1879 1071 1944 Remo
1104 1885 1139 1946 et
1162 1880 1303 1946 Romulo
1327 1897 1374 1944 xl.

324 1981 492 2048 Kalendas
516 1981 606 2048 Maii.

748 2320 830 2388 Otr.
852 2319 933 2388 XII.

368 2523 579 2590 Conantem
613 2523 768 2590 defuncto
799 2523 953 2590 successit
977 2523 1007 2590 ei
1039 2521 1170 2588 Riuallo
1192 2521 1281 2586 filius
1303 2520 1487 2606 ejustutllo

316 2627 453 2713 juvenis
475 2632 510 2693 et
532 2627 728 2693 fortunatus.
776 2625 843 2691 Hic
865 2647 1001 2712 regnum
1026 2625 1186 2690 tractavit
1210 2647 1285 2689 cum
1307 2589 1491 2706 om-lfiffi

322 2729 358 2794 ni
381 2729 555 2817 diligentia
576 2751 636 2817 per
657 2750 760 2795 annos
775 2745 877 2793 xxl11.
924 2729 967 2794 In
982 2727 1051 2815 ejus
1073 2733 1221 2814 tempore
1242 2727 1375 2812 sanguis

322 2831 409 2919 pluit
431 2854 490 2919 per
519 2849 572 2897 111.
596 2831 665 2897 dies
699 2831 873 2897 continuos
904 2835 939 2898 et
973 2851 1158 2896 muscarum
1182 2824 1376 2906 affluencia?

321 2933 410 3000 unde
432 2935 474 3000 de
496 2933 610 3001 foetore
642 2939 677 3001 et
710 2933 794 2999 aeris
848 2933 1065 3000 utrefactione
1087 2931 1235 2998 homines
1257 2931 1374 2996 morie·
1415 2999 1420 3010 ,

321 3035 446 3102 bantur
826 2955 858 3034 p'
1384 2999 1540 3117 {gssium'

367 3138 447 3206 Post
470 3138 602 3204 Riuallo
625 3137 780 3205 successit
804 3137 1004 3226 Gurgustius
1026 3137 1114 3203 filius
1135 3135 1213 3224 ejus.
1386 3133 1546 3198 Gargarius,

367 3241 431 3308 Oui
455 3239 602 3308 OisiJliua
617 3238 648 3306 :⁷
1384 3251 1504 3314 cunia,

367 3342 430 3411 Oui
454 3341 562 3410 Laco⁸
584 3341 757 3431 Gurgustii
780 3362 901 3430 nepos:
1382 3356 1459 3415 Iseo,

367 3446 431 3514 Cui
454 3443 629 3512 Kimmar:
1382 3453 1507 3516 Kimmar,

367 3547 431 3616 Oui
455 3546 596 3614 Oisillii⁹
618 3547 725 3612 filius:
739 3544 766 3586 ¹⁰

366 3649 430 3716 Oui
446 3649 645 3738 Gordobugo
657 3673 667 3728 ς
679 3647 701 3686 ¹¹
720 3648 798 3714 huic
820 3647 893 3713 nati
908 3646 1045 3712 fuerunt
1061 3645 1126 3712 duo
1142 3645 1211 3726 filii,
1229 3666 1368 3734 quorum
1382 3659 1544 3728 Gordobugo.

320 3775 406 3820 unus
428 3752 575 3833 Ferreus,
592 3753 678 3820 alter
700 3751 824 3818 Porrex
847 3749 1111 3835 nuncupabatur.
1151 3748 1235 3815 Cum
1257 3753 1368 3815 autom
1382 3727 1498 3846 {iffi

320 3861 415 3944 pater
436 3855 472 3920 in
503 3855 631 3923 senium
653 3853 814 3942 vergisset
846 3857 920 3918 orta
942 3857 993 3918 est
1016 3851 1184 3917 contentio
1206 3851 1294 3916 inter
1316 3862 1432 3916 cosano

320 3959 394 4048 quis
416 3978 528 4023 eorum
550 3955 623 4022 in¹⁹
645 3976 746 4043 regno
769 3954 963 4021 succederet
998 3952 1046 4018 At
1057 3951 1082 3990 ¹³
1105 3953 1230 4019 Porrex
1252 3927 1487 4058 majorim}

319 4059 501 4149 cupiditate
523 4059 712 4138 subductus,
729 4055 853 4146 puratis
867 4055 1003 4134 insidiis,
1022 4055 1214 4122 Fenentem
1234 4055 1369 4124 fratrem
1382 4075 1495 4193 ssiffl

317 4245 846 4260 n-a--m-——o--m--n—--0
1258 4246 1294 4253 ..-

353 4347 507 4416 ¹copiosum]
526 4346 660 4413 copiosam.
694 4343 761 4396 RD.
898 4339 1047 4408 '‘Sitillia-s]
1066 4340 1180 4395 siuilliae
1213 4345 1279 4397 RD.

349 4428 463 4496 ¹2‘psum]
482 4443 531 4478 om.
564 4427 629 4478 B.D.
897 4419 1000 4488 'Loco]
1022 4422 1088 4472 Ieco.
1121 4423 1154 4476 B.
1201 4423 1274 4475 Jaco.
1291 4423 1324 4476 D.

351 4507 494 4574 'oiddiceq
513 4507 596 4558 idest
630 4505 696 4556 B.D.
897 4500 1019 4567 ’cratin
1039 4500 1126 4554 sinnii.
1159 4501 1224 4553 B.·D.

352 4587 472 4651 *Ysaiaa
497 4587 562 4638 Osee
606 4586 741 4652 propheta.
793 4583 820 4633 in
899 4581 1034 4632 ¹⁰Ashort
1044 4581 1122 4632 blank
1130 4581 1228 4632 follows
1238 4581 1266 4631 in
1281 4583 1312 4631 Α.

316 4668 439 4735 margini.
897 4665 912 4695 ¹¹
928 4659 1086 4726 Gordobuyo]
1106 4660 1264 4728 Borgoduco.
1298 4661 1327 4711 B.

349 4745 487 4818 ’μείω
506 4745 611 4798 dnobus.
645 4759 731 4810 prem.
766 4743 818 4804 13„
899 4741 970 4807 ¹²ia]
989 4740 1062 4792 inter.
1095 4739 1128 4791 D.

350 4822 496 4878 ‘tfirsbila
531 4823 648 4892 inmarg.
682 4824 714 4876 B.
897 4826 916 4858 ¹¹
927 4819 976 4888 At]
996 4828 1029 4872 ot.
1062 4819 1127 4873 m).
