3696 5794
485 841 550 904 120
782 848 964 904 suaooruu
987 845 1236 902 nrsroarsuuu.

871 1142 951 1209 Osr.
975 1139 1132 1208 CLVIII.

318 1363 462 1418 floream
532 1344 586 1409 Ds
603 1346 712 1412 Gallia
737 1346 880 1433 qualiter
902 1367 1022 1412 nomen
1044 1345 1158 1412 amisit
1180 1349 1215 1410 et
1240 1343 1381 1411 Francia
1402 1344 1538 1406 vocatur

317 1433 444 1549 {ffiffle
487 1449 703 1514 ostendamus.
750 1449 860 1514 Gallia
890 1449 1057 1536 quondam
1091 1447 1180 1536 apud
1214 1447 1344 1513 Julium
1376 1445 1538 1512 Caesarem

317 1565 458 1616 ormana.
485 1549 594 1616 iuerat
615 1551 795 1638 tripartita,
813 1551 910 1618 modo
926 1550 969 1617 ob
983 1551 1092 1618 varios
1107 1573 1216 1618 rarum
1232 1553 1370 1616 eventus
1385 1571 1407 1612 a
1422 1546 1538 1612 Rheno

486 1652 589 1718 fluvio
627 1675 730 1740 usque
768 1653 926 1720 Secanam
964 1651 1105 1719 fluvium
1151 1653 1261 1720 Gallia
1303 1651 1436 1738 Belgica
1480 1671 1538 1714 seu

487 1753 628 1821 Francia
660 1755 791 1843 proprie
826 1755 972 1836 dicitur;
1004 1755 1082 1822 inde
1113 1777 1217 1843 usque
1250 1753 1399 1842 Ligurim
1432 1751 1540 1817 Gallia

487 1857 726 1945 Lugdunensis,
743 1880 817 1944 quae
839 1880 929 1924 nunc
952 1857 1109 1946 Superior
1132 1858 1328 1946 Burgundio
1342 1855 1470 1922 dicitur.
1507 1849 1539 1918 A

487 1959 646 2046 Ligerim¹
671 1983 774 2048 usque
797 1959 1004 2028 Garronam²
1025 1961 1167 2028 fluvium
1182 1959 1292 2026 Gallia
1306 1957 1538 2046 Aquitannica

488 2061 590 2148 Cujus
613 2083 688 2149 pars
722 2064 871 2152 superior
902 2085 923 2128 a
953 2063 1149 2131 celsitudine
1181 2063 1345 2130 montium
1369 2082 1435 2147 qua
1456 2081 1538 2146 prae-

487 2164 592 2230 minet
629 2165 756 2232 Celtica
799 2165 929 2232 dicitur.
990 2166 1022 2231 A
1061 2165 1210 2232 Gar-rona
1254 2185 1357 2252 usque
1402 2160 1538 2228 Fretum

488 2267 769 2334 Mediterraneum
815 2289 870 2334 seu
916 2268 1094 2356 Pyrenaeos
1139 2269 1270 2334 Montes
1308 2265 1416 2332 Gallia
1453 2264 1539 2330 Nar·

487 2370 640 2436 bonensis
662 2371 791 2448 dicitur,
816 2393 889 2457 quae
918 2371 1040 2460 partim
1064 2371 1196 2450 Gothia,
1218 2369 1342 2458 partim
1366 2367 1541 2434 Wasconia

485 2471 616 2538 dicitur.
662 2473 706 2537 In
725 2472 816 2538 omni
839 2495 971 2560 prorsus
987 2473 1096 2540 Gallia
1117 2479 1197 2540 sunt
1218 2471 1398 2560 provincie
1419 2470 1539 2548 decern,

485 2595 624 2661 quarum
656 2577 804 2641 omnium
836 2575 951 2643 melior
982 2581 1033 2644 est
1063 2577 1277 2664 Aquitannia
1325 2573 1414 2641 Gens
1437 2572 1540 2638 Fran·

486 2699 596 2742 corum
612 2699 633 2742 a
647 2677 798 2765 Trojanis
813 2677 912 2744 duxit
926 2679 1095 2767 originem.
1118 2677 1309 2746 Armenon⁸
1320 2682 1395 2766 post
1410 2679 1540 2762 captam

486 2778 620 2864 Trojam
652 2803 727 2846 cum
759 2781 827 2846 suis
860 2781 1007 2870 profugis
1041 2803 1100 2870 per
1122 2781 1262 2848 Paludes
1285 2779 1468 2860 Maeotidas,
1483 2799 1541 2864 per

487 2879 586 2967 quae⁴
619 2881 784 2949 fluvium⁶
814 2883 919 2950 Tanai
951 2884 1159 2951 Pannoniam
1189 2885 1304 2965 intrat,
1336 2881 1451 2950 urbem
1489 2879 1540 2945 Si·

487 2983 665 3050 cambriam
686 2985 861 3066 fundevit3
885 3009 907 3052 a
929 3009 994 3075 quc
1017 2987 1099 3054 dicti
1121 2992 1200 3054 sunt
1217 2985 1385 3064 Sicambri,
1402 3005 1541 3071 quorum

487 3087 585 3154 duces
618 3088 753 3156 fuerunt
791 3089 953 3178 Trogotus
985 3095 1020 3157 et
1051 3087 1205 3170 Francus,
1244 3111 1265 3155 a
1302 3111 1367 3176 quo
1398 3083 1542 3154 Franci⁰

487 3189 652 3258 nominati
673 3196 759 3258 sunt.
804 3192 971 3279 Trupinus
1001 3193 1042 3260 de
1067 3193 1177 3260 Gestis
1204 3193 1320 3258 Karoli
1350 3191 1423 3257 ait:
1449 3189 1542 3256 Post·

488 3315 587 3378 quam
611 3293 765 3376 Karolus,
780 3293 959 3383 subjugata
982 3295 1155 3383 Hispania,
1173 3293 1334 3360 Parisium
1357 3297 1541 3374 remeasset,

487 3397 601 3462 volens
623 3397 784 3464 honorare
807 3395 950 3464 Beatos⁷
982 3397 1145 3465 «Iacobum
1170 3403 1206 3464 et
1228 3397 1426 3484 Dionysium
1449 3395 1541 3462 misit

488 3520 600 3565 omnes
642 3521 753 3566 servos
790 3521 849 3588 per
879 3501 1021 3567 Galliam
1055 3499 1096 3568 de
1127 3501 1220 3588 cujus
1257 3499 1404 3567 dominio
1433 3501 1542 3566 forent

488 3601 577 3689 quod
606 3603 747 3690 quilibet
777 3607 920 3690 quatuor
949 3623 1102 3672 nummos
1131 3603 1175 3670 ad
1204 3602 1362 3670 fabricam
1401 3603 1541 3670 ecclesiae

489 3704 587 3770 Beati
610 3703 768 3792 Dionysii
802 3705 942 3786 offerret,
966 3727 1026 3794 pro
1060 3727 1127 3794 qua
1158 3705 1326 3773 oblatione
1364 3703 1545 3772 concessit⁸

488 3807 535 3872 eis
564 3807 760 3890 libertatem,
792 3808 881 3874 unde
910 3808 1007 3876 liberi
1044 3809 1081 3876 in
1113 3809 1241 3877 Gallica
1278 3810 1393 3898 lingua
1423 3807 1543 3874 Franci

488 3909 701 3980 vocabantur.

524 4273 690 4345 metaris]
712 4275 820 4346 Aligeri.
854 4279 888 4330 D.
1074 4277 1228 4344 ‘Quomodo
1246 4279 1295 4333 hoe
1316 4291 1408 4333 nomen
1435 4281 1544 4333 Ermaia

523 4356 702 4425 'Garroncm]
718 4359 868 4411 Garoonam.
902 4359 933 4409 B.
1040 4359 1123 4424 primo
1142 4361 1291 4415 nominatur.
1312 4361 1339 4412 ln
1358 4375 1438 4428 marg.
1456 4361 1544 4422 A.D.;

495 4497 500 4508 ι
523 4436 677 4504 Ἀηιιοκοιι]
725 4437 806 4504 Origo
832 4439 997 4490 Francorum·
1040 4439 1280 4493 lnfaintinkinD.

489 4517 516 4566 in
528 4531 607 4583 marg.
621 4517 652 4568 B.
687 4519 808 4571 Armene.
842 4517 876 4570 D.
1073 4519 1199 4588 snam]
1213 4521 1328 4576 Beatum
1361 4521 1426 4574 B.D.

523 4597 693 4662 ⁴quoe]quas.
728 4597 794 4650 B.D.
1072 4599 1197 4652 'welesioe
1223 4637 1378 4654 .......
1404 4601 1542 4668 comsit]

523 4675 658 4744 ⁵flaoiaa]
671 4677 785 4730 flurium.
807 4677 838 4730 B.
858 4679 994 4730 corrected
1039 4677 1152 4732 Omitted
1162 4681 1189 4730 in
1201 4681 1243 4733 the
1254 4689 1310 4734 text
1320 4681 1350 4733 ot
1362 4681 1395 4734 D.
1407 4683 1453 4734 bat
1464 4683 1545 4734 added

488 4755 652 4819 intostavias.
1037 4757 1065 4808 ln
1073 4759 1115 4810 the
1126 4759 1232 4826 margin.
