3590 5844
528 881 594 948 838
825 895 1008 948 auuoomu
1030 894 1277 948 nrsrosraauu

358 1067 489 1203 353³·
527 1073 612 1154 isse,¹
648 1077 683 1142 st
715 1075 751 1140 in
791 1073 958 1142 cacumine
1007 1074 1140 1150 montis,
1173 1093 1248 1160 quae
1284 1093 1372 1140 nunc
1407 1071 1582 1140 Michaelis

356 1203 464 1326 itt.
526 1176 658 1346 itit
677 1199 762 1346 dl
784 1177 1057 1346 iffi
1070 1176 1581 1367 pllitffliitpiiaemli

525 1383 596 1450 sive
611 1387 700 1450 terra
718 1382 813 1450 illum
827 1382 1042 1463 invadebant,
1057 1385 1118 1448 sut
1132 1403 1235 1448 noves
1250 1403 1363 1448 eorum
1386 1383 1580 1470 ingentibus

525 1487 613 1552 saxis
636 1486 795 1553 obmebst
825 1491 886 1552 sut
919 1486 1125 1552 diversorum
1163 1505 1320 1572 generum
1360 1485 1437 1551 telis
1474 1487 1580 1552 inter-

525 1589 656 1670 imebst,
696 1587 778 1656 sed'
806 1587 917 1678 pinnen
954 1587 1105 1678 cupiebat
1142 1609 1225 1676 quos
1264 1587 1440 1656 semivivos
1476 1589 1578 1655 devo-

524 1692 628 1758 rabat.

568 1793 674 1862 Nocte
708 1797 812 1882 igitur
848 1795 1000 1882 sequenti
1036 1796 1072 1861 iu
1109 1794 1253 1861 secundo
1285 1794 1375 1873 hora,
1406 1801 1579 1882 assumpto

524 1897 622 1985 Keyo
644 1897 791 1987 dapifero
813 1903 848 1964 et
866 1898 1026 1966 Bedwero
1050 1899 1215 1986 pincerna,
1240 1898 1324 1964 clsm
1348 1899 1476 1965 caeteris
1504 1903 1580 1964 ten-

523 2001 611 2068 coria
639 2023 797 2090 egressus,
827 2003 919 2068 viam
951 2021 1065 2066 versus
1095 2005 1242 2066 montem
1271 2002 1419 2088 arripuit
1466 1999 1580 2067 Tsnte

522 2123 665 2192 namque
701 2105 827 2170 virtute
861 2103 1069 2192 praevalendo
1107 2101 1297 2192 negligebat
1342 2107 1457 2170 contre
1492 2103 1579 2170 talio

522 2213 671 2274 monstra
707 2208 890 2274 exercitum
928 2207 1056 2284 ducere,
1080 2227 1156 2272 cum
1192 2209 1227 2272 et
1264 2225 1340 2271 snos
1377 2205 1439 2272 boo
1476 2207 1577 2273 modo

521 2311 684 2377 meniaret
713 2307 775 2375 ut⁸
796 2309 885 2376 solue
915 2309 959 2374 ad
988 2307 1046 2374 ille
1068 2308 1267 2374 destruendo
1295 2307 1466 2375 sufficeret
1522 2309 1577 2377 Ut

521 2411 626 2500 igitur
661 2433 761 2500 prope
796 2417 944 2478 montem
974 2417 1138 2478 vanenmt
1175 2416 1378 2500 aspexerunt
1407 2413 1574 2498 quendum

520 2535 637 2602 rogum
667 2537 764 2602 super
784 2513 884 2580 eum‘
912 2513 1036 2594 erdere,
1051 2513 1154 2580 ulium
1176 2535 1254 2581 vero
1281 2535 1379 2602 super
1402 2517 1575 2598 minorem,

520 2617 578 2702 qui
607 2637 677 2682 non
706 2617 803 2704 longe
833 2618 877 2682 ob
907 2617 1012 2682 altero
1042 2616 1196 2682 distabat
1251 2616 1455 2683 Dubitantee
1484 2619 1574 2685 illico

518 2741 616 2806 super
646 2739 744 2806 quem
781 2718 912 2785 illorum
941 2719 1109 2784 babitaret
1138 2721 1231 2806 giges
1264 2717 1462 2786 Bedwerum
1492 2721 1574 2787 diri-

517 2825 604 2908 gunt
641 2826 680 2887 ut
713 2821 946 2886 certitudinem
985 2823 1033 2886 rei
1071 2821 1244 2909 exploret3
1274 2827 1311 2888 st
1348 2821 1403 2888 ille
1433 2825 1574 2890 invente

516 2923 659 3010 quadem
696 2923 851 2990 navicula
883 2925 976 3010 prius
1005 2923 1050 2990 ad
1080 2925 1242 2990 minorem
1274 2925 1449 3012 navigavit
1471 2949 1575 3014 quem

516 3025 614 3092 aliter
648 3025 808 3113 nequibat
837 3026 929 3093 edire
959 3029 1116 3112 quoniam
1146 3027 1235 3092 iufra
1265 3049 1356 3093 mare
1371 3030 1456 3095 situs
1478 3037 1550 3096 erut
1562 3056 1573 3111 ;

515 3130 609 3217 cujus
639 3129 718 3196 dum
752 3151 908 3196 cacumen
946 3131 1120 3217 incepisset
1158 3129 1332 3196 escendere
1368 3131 1484 3198 audito
1513 3134 1572 3199 de-

515 3253 612 3322 super
641 3233 782 3299 femineo
805 3231 938 3298 ululatu
962 3233 1068 3320 primo
1093 3231 1270 3312 inhorruit,
1298 3233 1377 3318 quin
1400 3233 1572 3302 dubitavit

514 3343 698 3402 monstrum
714 3335 796 3401 illud
813 3335 933 3402 adesse.
973 3333 1142 3401 Revocote
1157 3337 1247 3401 ocius
1263 3336 1400 3402 audacis
1421 3337 1570 3426 gladium

513 3439 705 3526 evaginavit
732 3443 767 3503 et
804 3442 952 3503 montem
994 3437 1146 3504 ascendit
1158 3463 1166 3520 ;
1207 3439 1279 3526 ipso
1312 3461 1445 3506 ascenso
1483 3441 1570 3508 nihil

512 3543 636 3629 reperit
665 3544 786 3628 prseter
823 3561 939 3628 rogum
969 3561 1067 3626 quem
1096 3561 1118 3605 e
1155 3539 1252 3628 longe
1290 3549 1502 3630 prospexerat
1531 3551 1569 3611 et

512 3645 678 3710 tumulum
698 3647 863 3709 recentem
887 3642 1021 3724 lectum,
1038 3647 1073 3710 et
1091 3643 1194 3730 juxte
1209 3665 1285 3708 eum
1306 3665 1409 3710 enum
1431 3645 1567 3712 dentem

512 3752 547 3813 et
577 3747 767 3833 ejulantem.
828 3747 912 3826 Quae
945 3749 985 3810 ut
1015 3765 1090 3810 eum
1120 3746 1251 3834 sepexit
1280 3746 1452 3815 confestim
1482 3749 1568 3816 fletu

512 3849 712 3939 impediente
741 3848 778 3914 in
800 3847 888 3914 huno
918 3847 1053 3914 modum
1094 3848 1225 3936 profete
1255 3853 1328 3914 eet:
1391 3849 1421 3916 Ο
1448 3851 1567 3918 infelix

510 3951 618 4034 homo,
641 3951 730 4040 quod
759 3949 979 4017 infortunium
1009 3955 1044 4016 to
1070 3951 1107 4016 in
1136 3949 1223 4017 hunc
1252 3949 1360 4018 locum
1390 3951 1569 4020 subvexit?

512 4055 541 4122 Ο
565 4053 795 4122 inenarrabilis
817 4055 933 4120 mortis
958 4073 1073 4140 poenee
1100 4073 1243 4142 passure,
1268 4055 1400 4121 miseret
1425 4077 1479 4120 me
1502 4057 1564 4139 tui,

510 4155 652 4223 misere⁶
678 4158 757 4244 quie
777 4163 849 4222 tam
879 4153 1072 4222 detestabile
1097 4161 1281 4222 monstrum
1311 4155 1425 4223 florem
1442 4157 1566 4243 juven-

509 4259 593 4324 tutis
623 4262 693 4324 tuse
723 4260 759 4323 in
788 4259 851 4324 hec
888 4264 983 4324 nocte
1013 4263 1191 4325 consumet
1267 4258 1387 4324 Aderit
1420 4281 1564 4347 namque

508 4359 775 4426 sceleratissimus
804 4361 861 4426 ille
891 4360 992 4427 invisi
1033 4361 1176 4427 nominis
1207 4362 1298 4448 gigas
1331 4361 1387 4447 qui
1427 4367 1561 4448 neptem

514 4563 621 4572 ⁸—-
1376 4563 1519 4571 —.-..-
1544 4567 1556 4574 ,

541 4669 688 4738 ¹eripuiese]
708 4668 848 4734 arripuisse.
882 4667 913 4718 B.
1090 4667 1175 4736 ‘euaa]
1195 4683 1232 4720 eo.
1266 4667 1297 4719 B.

537 4751 612 4818 ned]
631 4751 731 4803 ctadd.
765 4749 830 4802 ul).
945 4813 948 4820 Ι
1091 4749 1563 4817 ’πὺενε]ιιιίιετοι.Δ.,ι1ιΗεπεεὰ.

537 4831 597 4900 'ut]
617 4839 648 4882 et.
681 4829 746 4882 B.D.
1057 4829 1165 4882 miseret
1196 4829 1262 4884 RD.
