3674 5800
489 830 532 894 40
788 846 970 898 succurunt
993 847 1241 900 nrsromsnum

321 1014 453 1084 Obere
491 1021 589 1086 velde
617 1019 753 1102 fervide,
784 1021 890 1088 multe
919 1019 956 1086 in
985 1021 1125 1087 diversis
1148 1021 1228 1088 locis
1258 1043 1419 1109 genereus
1445 1045 1537 1092 mon-

490 1126 620 1190 struose
643 1127 679 1190 et
701 1144 875 1202 venenose,
906 1128 942 1190 et
965 1123 1073 1190 multe
1097 1124 1250 1211 pretiose,
1278 1129 1318 1191 ut
1341 1132 1424 1212 pute
1448 1149 1538 1214 gem-

489 1247 568 1305 mus,
594 1225 799 1314 margarites,
824 1247 952 1307 eurum,
974 1231 1158 1314 argentum,
1178 1227 1390 1311 immentum,
1412 1231 1537 1310 vinum,

489 1329 606 1409 oleum,
631 1333 666 1394 et
688 1329 783 1394 veris
808 1331 993 1394 aromatum
1022 1349 1152 1415 genere
1198 1328 1345 1396 Primum
1376 1332 1538 1420 originem

487 1436 726 1498 contraxerunt
755 1429 959 1498 habitatores
990 1429 1107 1518 Libye
1137 1454 1158 1497 e
1179 1430 1300 1514 Phuth,
1337 1434 1438 1500 tertio
1467 1435 1537 1500 filio

488 1532 602 1613 cham,
632 1533 721 1599 unde
755 1533 878 1600 fluvius
908 1555 1041 1600 currens
1071 1555 1130 1622 per
1172 1534 1315 1622 Libyam
1345 1539 1381 1602 et
1412 1537 1535 1603 Meuri-

485 1637 613 1702 teniem
644 1635 759 1702 Phuth
795 1635 928 1714 dicitur,
960 1659 981 1702 e
1006 1657 1073 1723 quc
1099 1637 1205 1703 omnis
1233 1637 1325 1725 regio
1357 1637 1537 1707 Phutensis

484 1739 681 1807 nominetur.
727 1735 972 1812 Hcc¹,Glosse
1001 1760 1099 1828 super
1129 1739 1211 1807 Gen.
1241 1757 1287 1806 x1.

898 2055 978 2124 Osr.
1012 2054 1116 2122 XLV.

865 2259 915 2326 Dc
952 2258 1146 2347 Pentapoli.

357 2539 395 2554 ..
441 2505 449 2518 .
530 2458 745 2525 Pnuwoms
775 2456 891 2525 Graece
923 2457 1040 2546 lingue
1066 2462 1117 2524 est
1146 2481 1167 2524 s
1197 2459 1343 2545 quinque
1374 2455 1534 2524 urbibus¹

368 2606 374 2618 ·
484 2567 684 2649 nuncupate,
708 2561 833 2627 scilicet
864 2560 1028 2640 Berenice,
1053 2559 1232 2639 Oentrice,⁸
1259 2559 1398 2648 Cyrene,
1424 2558 1534 2625 Ptole·

484 2664 617 2745 meida,⁴
646 2663 848 2752 Apollonie;
874 2663 962 2730 unde
993 2663 1172 2729 Ptolemais
1202 2669 1236 2729 et
1261 2663 1418 2730 Berenice
1440 2686 1461 2728 a
1483 2685 1533 2730 re·

482 2768 636 2856 gicnibus
658 2767 840 2834 nominatae
862 2772 949 2833 sunt.
995 2765 1058 2832 Est
1080 2771 1193 2832 eutem
1209 2766 1400 2854 Pentapolis
1416 2765 1532 2853 Libyae

484 2867 689 2957 Cyrenensi⁶
710 2869 875 2956 adjuncto,
892 2873 927 2936 et
949 2869 986 2934 in
1007 2869 1078 2956 ejus
1100 2869 1223 2936 finibus
1245 2869 1412 2956 deputate.
1458 2868 1557 2954 Hoc,

355 3045 394 3058 ..
437 3007 448 3020 ·
482 2971 637 3052 Isidorus,
673 2971 759 3038 libro
801 2988 893 3038 111111,
940 2970 1004 3039 Est
1035 2976 1149 3038 eutem
1179 2971 1245 3039 elie
1275 2970 1465 3060 Pentapolis
1495 2972 1531 3038 in

387 3062 413 3126 ¹3¹
434 3149 440 3166 ⁸
480 3074 646 3142 confinio⁰
669 3073 812 3156 Arabim,
836 3096 910 3160 quse
932 3078 966 3140 et
996 3073 1175 3141 Pslaestine
1197 3073 1288 3141 dicte
1309 3080 1367 3153 est,
1391 3097 1412 3140 e
1434 3075 1532 3162 quin-

479 3200 543 3265 que
575 3175 766 3245 civitatibus
804 3177 991 3264 impiorum,
1029 3177 1088 3264 qui
1124 3178 1201 3266 igne
1235 3177 1361 3244 coelesti
1395 3177 1532 3245 fuerunt

476 3281 664 3368 consumpti
687 3285 721 3346 et
743 3279 910 3346 inlocum
940 3279 1163 3347 bituminenm
1186 3281 1343 3362 conversi,
1374 3281 1463 3368 quod
1496 3287 1531 3348 et

475 3406 564 3452 nunc
599 3384 692 3450 Mare
727 3383 898 3450 Mortuum
930 3382 1062 3462 dicitur,
1087 3383 1167 3470 quie
1197 3383 1325 3450 nullum
1347 3383 1459 3472 gignit
1482 3385 1531 3450 vi·

474 3489 549 3567 tole,
572 3487 834 3574 necquicquam
855 3485 966 3552 nutrit
989 3487 1171 3574 degenere
1195 3487 1393 3554 viventium.
1440 3487 1529 3554 Nem

474 3613 582 3677 neque
612 3591 715 3678 pisces
745 3610 852 3676 neque
883 3610 962 3656 eves
993 3611 1100 3676 neque
1130 3589 1267 3677 navigio
1289 3590 1426 3678 petitur,
1450 3591 1530 3676 quie

472 3694 585 3758 omniu
606 3693 681 3758 vite
702 3691 849 3758 cerentie
871 3692 907 3756 in
930 3713 968 3758 eo
989 3691 1106 3778 stetim
1133 3691 1395 3780 demerguntur.⁷
1440 3692 1527 3759 Oen-

473 3795 547 3861 dele
580 3815 716 3861 accense
749 3799 952 3882 supernatet,
979 3793 1129 3860 extincte
1159 3795 1365 3882 demergitur
1395 3796 1432 3861 in
1454 3817 1526 3884 pro-

471 3898 623 3964 fundum.
671 3896 755 3963 Haec
779 3896 953 3986 provincie
974 3901 1053 3962 unte
1085 3899 1369 3988 consumptionem
1392 3899 1442 3964 ite
1463 3899 1528 3964 fuit
1602 3899 1615 3924 ⁸

470 4000 623 4088 locuplex
663 3999 751 4088 quod
784 3999 873 4065 inter
902 3999 972 4087 ejus
1005 3999 1132 4086 lapides
1171 3999 1358 4089 sepphirae⁸
1388 4006 1424 4068 et
1453 4002 1527 4068 eliae

502 4366 509 4397 1
522 4362 591 4432 Hoc]
610 4367 639 4429 h·
674 4364 708 4415 A·
742 4363 805 4415 hmo!
839 4363 905 4414 RD.
1050 4335 1235 4407 lpmlmua]
1273 4339 1455 4393 molomssldsso
1489 4337 1524 4392 A·

1018 4417 1201 4485 Tholomsyds.
1227 4418 1260 4472 B.
1287 4420 1460 4472 Thclemnidn.
1490 4422 1523 4472 Ι).

498 4483 631 4551 ²srtitm]
650 4483 801 4536 civitatibus.
835 4482 866 4532 B.
1050 4497 1221 4566 ’epam
1240 4499 1348 4560 cmi,
1381 4501 1412 4552 B.

1050 4579 1186 4647 ’ωνίηίῆ
1205 4580 1340 4653 οοιιῆιιίδ).
1373 4581 1404 4632 Β.

499 4624 652 4694 Ὀικεήεα]
717 4573 818 4680 centies
872 4625 972 4678 sul).
1051 4657 1251 4728 emm]
1264 4659 1522 4725 dimergunturltn.

464 4707 607 4758 Teuchirs?
1051 4736 1208 4806 tmpptim]
1227 4739 1329 4805 saphiri.
1363 4739 1427 4789 ul).
