3674 5800
634 867 817 918 someron
838 865 1088 917 nrsroanaon.
1338 853 1380 917 89

336 1042 476 1109 Meridie
498 1041 534 1106 in
558 1041 747 1124 Occiduum,
770 1041 957 1107 dividentes
985 1040 1028 1105 ab
1057 1039 1199 1105 invicem
1221 1039 1383 1104 maximas
1396 1057 1549 1123 onyrcne.

334 1147 489 1234 regiones
543 1145 657 1210 Habet
692 1144 736 1210 ab
772 1142 912 1210 Oriente
946 1142 1168 1219 Germaniam,
1192 1164 1214 1206 a
1239 1141 1381 1206 Meridie

334 1247 476 1325 Italiam,
492 1245 537 1312 ab
557 1247 735 1312 Occidente
755 1246 962 1334 Hispaniam,
984 1246 1027 1312 ab
1045 1245 1211 1331 Aquilone
1231 1243 1382 1310 Gelliam

335 1349 396 1415 Fst
429 1355 544 1416 autem·
569 1349 699 1435 Pyrene
722 1347 903 1414 multorum
925 1353 960 1414 et
982 1369 1176 1436 magnorum
1206 1346 1384 1413 fluviorum

334 1453 459 1531 nutrix,
481 1451 623 1518 feranun
654 1451 775 1533 tuitio;
796 1451 906 1517 sontes
932 1449 1033 1516 habet
1062 1449 1257 1528 metallinos,
1281 1449 1384 1514 habet

333 1555 434 1621 etiam
456 1553 656 1622 munitiones
686 1559 722 1620 et
752 1557 861 1621 castra
887 1551 983 1641 plura
1008 1558 1043 1620 et
1069 1551 1210 1635 diversa,
1241 1557 1313 1618 tam
1346 1551 1382 1616 in

334 1657 449 1746 lingua
470 1679 570 1744 quam
592 1655 757 1724 moribus¹

763 1986 844 2053 Car.
870 1983 958 2051 CIX

724 2133 771 2252 lic
789 2183 987 2253 Cantabria

381 2374 611 2442 ΟΑΝΤΑΒΒΙΑ2
636 2373 808 2460 Hispania
830 2379 881 2438 est
903 2371 1079 2460 provincia,
1105 2370 1149 2436 ab
1171 2371 1263 2436 urbis
1291 2391 1384 2436 voea-
1397 2389 1435 2441 Of
1443 2388 1509 2440 can-

336 2478 412 2544 bulo
435 2477 481 2542 sic
503 2481 643 2557 vocata3
673 2475 773 2562 hujus
795 2476 905 2562 gentis
931 2475 1061 2540 animus
1083 2478 1134 2540 est
1155 2474 1311 2561 pertinax
1341 2457 1486 2538 adulfi*

335 2579 606 2659 latrocinandum,
630 2581 666 2644 et
696 2579 739 2644 ad
772 2578 894 2644 bellum
927 2599 1056 2665 pronus,
1089 2577 1133 2642 ad
1165 2577 1303 2643 verbera
1330 2598 1388 2662 pa-

335 2684 450 2750 tienda
473 2705 600 2770 semper
621 2686 766 2769 paratus.
815 2681 890 2748 Hoc
916 2680 1072 2762 Isidorus,
1095 2680 1181 2746 libro
1205 2697 1252 2746 Ix,
1298 2679 1387 2746 Huic

335 2787 445 2852 vicina
466 2791 517 2852 est
540 2783 725 2852 Celtiberia

783 3085 863 3154 Car.
888 3087 958 3156 CX.

678 3309 680 3314 ·
736 3280 786 3346 Dc
803 3277 1007 3366 Campania.

382 3466 569 3535 Caurium
595 3466 703 3534 Italiae
734 3469 786 3532 est
807 3464 984 3553 provincia,
1007 3465 1051 3530 ad
1073 3464 1260 3530 Romanum
1290 3463 1384 3530 terri·
1399 3472 1518 3552 orcam·

337 3571 458 3637 torinna
474 3577 508 3636 et
524 3569 681 3658 Apuliam
705 3568 886 3646 collocata,³
901 3567 994 3655 cujus
1008 3567 1197 3654 metropolis
1219 3555 1477 3654 quondsml'ffll·

336 3673 401 3740 fuit
435 3673 557 3760 Capua,
591 3693 612 3737 a
651 3671 835 3760 capacitate
883 3671 930 3736 sic
967 3669 1066 3751 dicta,
1111 3689 1150 3736 eo
1194 3669 1283 3756 quod
1316 3669 1386 3756 ejus

336 3775 451 3841 terra⁴
474 3797 605 3842 omnem
634 3775 719 3841 vitae
742 3772 911 3840 fructum⁵
941 3773 1059 3860 capiat
1106 3771 1208 3838 Unde
1230 3777 1265 3839 et
1286 3777 1386 3860 eaput

336 3888 386 3944 est
415 3877 550 3946 urbium
582 3876 784 3966 Campaniae,
811 3877 900 3942 inter
926 3881 994 3943 tres
1026 3873 1190 3941 maximas
1223 3875 1384 3952 civitates,

335 3981 468 4062 scilicet,
506 3981 664 4069 Capuam,
699 3979 948 4067 Carthaginem,
980 3982 1014 4045 et
1059 3977 1220 4060 Romam;
1254 4000 1297 4045 ex
1319 3999 1386 4065 qua

337 4083 450 4171 Capua
498 4083 578 4148 olim
632 4083 807 4171 provincia
855 4081 1049 4170 Campaniae
1094 4081 1266 4147 nominata
1311 4080 1384 4147 fuit.

336 4185 454 4252 Multae
485 4190 564 4252 sunt
595 4185 670 4252 aliea
701 4184 856 4253 civitates
887 4185 1030 4267 famosae,
1053 4183 1240 4272 locupletes,
1264 4187 1299 4250 et
1330 4205 1386 4270 po·

336 4290 458 4376 pulosee
499 4289 543 4356 ad
584 4288 788 4378 provinciam
824 4287 1016 4375 Campania
1053 4286 1309 4368 succumbentes,
1347 4290 1387 4352 ut

370 4626 506 4695 'moribad
524 4627 559 4678 in.
572 4641 658 4694 pram.
687 4623 753 4678 B.D.
921 4624 1021 4692 ΗΜ]
1039 4631 1138 4677 tenum.
1172 4623 1207 4674 D.

367 4708 541 4775 'cenabam
561 4705 705 4760 Tantabria.
739 4699 770 4756 B.
920 4705 1068 4772 ‘flactum.]
1109 4703 1245 4756 Interlined
1260 4701 1288 4752 in
1305 4701 1339 4750 Ι).
1360 4698 1386 4750 in

368 4787 516 4855 'collocem
530 4789 627 4839 collata.
661 4786 726 4836 B.D.
885 4783 1066 4837 differentiuk.
