3590 5844
584 892 768 944 annocum
791 893 1037 945 maronianum
1275 881 1340 947 349

281 1092 381 1137 unam
413 1091 512 1156 quam
535 1070 598 1136 sibi
630 1069 741 1135 adesse
773 1069 995 1150 affectaverat,
1028 1074 1063 1135 et
1085 1091 1193 1135 coram
1216 1091 1251 1135 se
1273 1092 1330 1134 au·
1343 1085 1471 1204 {tenpu-

1370 1169 1427 1219 l'yo

280 1195 373 1238 reum
396 1173 569 1239 draconem
601 1172 716 1238 infixit
738 1194 836 1259 quem
858 1193 917 1259 pro
940 1171 1065 1238 vexillo
1095 1171 1249 1252 habebat,
1272 1173 1330 1238 ubi
1369 1221 1414 1286 ing

281 1275 448 1342 vulnerati
471 1281 506 1340 et
528 1275 671 1362 fatigati,
688 1275 716 1341 si
737 1275 913 1340 necessitas
936 1275 1153 1362 compulisset,
1171 1275 1265 1360 quasi
1287 1273 1331 1338 ad
1343 1287 1449 1338 Ashur.

281 1383 389 1444 caetra
420 1377 638 1465 diffugissent.
700 1378 851 1443 Aderant
885 1383 999 1444 autem
1037 1379 1073 1442 in
1108 1377 1235 1464 legione
1272 1376 1331 1441 illa

281 1503 380 1566 quarn
404 1501 514 1546 secum
536 1479 681 1545 habebat
704 1497 750 1546 VI.
774 1480 867 1546 milia
889 1479 1037 1546 sexcenti
1060 1484 1094 1545 et
1117 1497 1209 1544 va1.

327 1582 505 1669 Dispositis
527 1581 626 1670 ergo¹
659 1584 785 1648 cunetis
816 1583 1055 1649 commilitones
1089 1603 1164 1648 suos
1196 1583 1233 1646 in
1263 1581 1332 1647 haec

282 1685 385 1751 verba
413 1683 616 1772 praefatur2⁹
639 1684 822 1751 Domestici
846 1685 920 1763 mei,
951 1687 1008 1771 qui
1041 1685 1249 1750 Britanniam
1280 1687 1332 1749 ter

282 1789 441 1854 denorum
478 1808 657 1875 regnorum
682 1787 851 1852 dominam
887 1786 1018 1854 fecisti³
1044 1792 1165 1853 vestrae
1196 1809 1331 1874 congra-

281 1891 372 1956 tulor
396 1889 558 1976 probitati
588 1911 688 1976 quam
711 1889 901 1956 nullatenus
924 1890 1070 1969 deficere,
1101 1891 1201 1956 immo
1227 1890 1332 1977 magis

281 1995 393 2080 vigere
423 1992 600 2072 considero,
631 1991 710 2058 licet
741 2009 771 2056 v.
798 1993 895 2058 annis
924 1993 961 2056 in
988 1993 1240 2058 oblectamentis
1271 1992 1332 2057 otii

282 2095 491 2162 inexercitati
517 2095 629 2182 potius
655 2115 754 2180 quam
785 2094 916 2161 militioe
938 2095 1014 2160 usui
1043 2095 1202 2161 hactenus
1228 2094 1332 2161 dediti

282 2197 363 2264 sitis.
410 2196 629 2283 Nequaquam
660 2202 772 2262 tamen
811 2195 854 2262 ab
885 2199 1002 2264 innata
1031 2197 1203 2264 bonitate⁴
1236 2197 1331 2283 dege-

282 2299 459 2366 neravistis
486 2299 543 2364 sed
573 2299 610 2364 in
641 2299 713 2385 ipsa
742 2303 988 2386 perseverantes
1019 2299 1184 2365 Romame
1213 2322 1333 2386 propu-

282 2403 368 2468 listis
390 2402 427 2467 in
449 2401 571 2489 fugam,
595 2401 663 2488 qui,
687 2401 943 2467 instimulante⁶
966 2401 1120 2489 superbia
1143 2424 1211 2482 sua,
1235 2402 1332 2467 liber·

284 2510 391 2571 tatem
430 2526 451 2568 a
487 2503 584 2569 nobis
623 2503 752 2569 demere
789 2503 1053 2582 affectaverunt‚⁶
1083 2505 1141 2590 qui
1182 2505 1333 2591 ampliori

281 2627 418 2672 numero
458 2606 647 2672 incedentes
685 2605 833 2692 ingerere
870 2605 990 2692 proelia
1028 2605 1243 2693 inceperunt,⁷
1275 2607 1333 2693 qui

281 2708 468 2795 congressui
498 2705 632 2774 vestro⁸
662 2707 813 2773 resistere
844 2729 912 2774 non
943 2707 1094 2774 valentes
1128 2729 1197 2774 sese
1226 2711 1332 2795 turpi·

281 2815 332 2877 ter
354 2811 442 2878 infra
463 2810 637 2876 civitatem
670 2811 769 2876 istam
802 2816 1006 2898 receperunt,
1031 2833 1072 2876 ex
1095 2833 1162 2897 qua
1184 2813 1227 2877 ad
1249 2833 1332 2898 prae-

281 2935 356 2980 sens
387 2913 564 3000 egressuris
596 2916 631 2978 et
662 2934 721 2998 per
753 2911 867 2978 illam⁹
900 2913 1183 3001 Augustudunum
1214 2913 1334 2980 vallem

281 3017 439 3102 petituris
462 3015 595 3080 obviam
622 3015 773 3100 poteritis
796 3013 908 3080 adesse
938 3022 973 3081 et
994 3015 1078 3080 nihil
1100 3017 1168 3082 tale
1197 3039 1333 3103 praeme·

283 3117 407 3182 ditatos
440 3117 534 3182 velut
578 3117 719 3202 pecudes
759 3137 923 3202 occupare.
990 3116 1078 3183 Sane
1113 3117 1333 3185 Orientalium

286 3219 438 3306 gentium
469 3217 614 3304 segnitia
624 3216 650 3254 ¹⁰
676 3216 713 3281 in
735 3216 864 3282 vobis¹¹
890 3239 959 3284 esse
994 3219 1233 3287 existimabant
1254 3222 1334 3287 dum

282 3319 423 3407 patriam
447 3317 629 3386 vestram¹2
644 3318 750 3386 facere
772 3319 988 3386 tributariam
1010 3326 1044 3388 et
1066 3322 1230 3389 vosmet¹³
1246 3325 1334 3410 ipsos

283 3422 460 3510 subjugare
495 3421 697 3488 affectarent.
743 3421 918 3508 Numquid
951 3429 1119 3490 noverunt
1152 3446 1226 3511 quae
1248 3425 1335 3491 bella

284 3524 383 3590 Dacis
414 3545 452 3590 ec
475 3523 681 3610 Norguensis
693 3522 717 3562 ¹⁴
739 3523 974 3612 Gallorumque
1006 3525 1144 3592 ducibus
1175 3527 1335 3594 intulistis

283 3647 365 3713 quos
387 3647 469 3692 mese
500 3625 699 3692 subdidistis
721 3628 881 3714 potestati
904 3633 938 3694 et
970 3629 1013 3694 ab
1045 3651 1158 3695 eorum
1180 3631 1335 3716 pudendo

282 3726 540 3796 liberavistist¹⁶
571 3727 660 3808 Quid
681 3728 786 3814 igitur
808 3727 844 3794 in
866 3729 1010 3816 graviori
1034 3731 1254 3798 decertatione
1276 3755 1334 3797 va·
1443 3753 1444 3756 ’

282 3831 413 3908 luimus,
431 3831 468 3896 in
490 3829 551 3896 hac
573 3829 691 3896 leviori
706 3829 777 3896 sine
793 3831 894 3898 dubio
916 3831 1170 3919 praevalebimus
1181 3832 1205 3872 ¹⁶
1219 3834 1247 3900 si
1263 3834 1335 3921 pari

318 4163 405 4229 'erpc]
424 4161 516 4227 itaque.
549 4163 615 4214 B.D.
868 4164 1012 4232 '’segaida]
1032 4166 1173 4232 segnitiam.
1202 4167 1267 4219 nl).

317 4243 410 4292 ’Nota
423 4241 451 4291 in
462 4257 541 4307 marg.
575 4241 648 4294 Al).
868 4243 884 4274 ¹¹
897 4243 976 4311 nobb]
990 4245 1070 4296 nobis.
1099 4247 1164 4300 B.D.

317 4320 432 4387 'secutq
452 4320 554 4371 fecistis.
589 4321 654 4372 B.D.
867 4324 1012 4390 Ιἰκετνιιιιι]
1031 4323 1112 4377 niam.
1136 4327 1201 4380 B.D.

317 4399 456 4466 ⁴b0nitate]
475 4399 604 4464 probitate.
638 4401 704 4453 RD.
867 4403 885 4434 ¹⁸
896 4404 995 4470 maret]
1014 4413 1118 4457 nosmet
1153 4409 1218 4460 B.D.

316 4478 512 4545 'immulanth
536 4479 687 4531 stimulante.
721 4483 754 4532 J).
867 4481 1153 4551 “ammonemur
1166 4489 1336 4555 Norgueensi·

316 4557 525 4624 ‘affectaveram
543 4559 711 4624 propulerunt.
744 4561 776 4611 B.
833 4561 887 4611 bus.
921 4561 986 4613 B.D.

319 4637 494 4703 'inceperam
514 4647 650 4703 cuparum.
684 4640 719 4690 D.
867 4638 1054 4709 ¹⁵lr'bcrcvistir]
1097 4643 1217 4696 dominio.
1250 4661 1335 4710 pram.

319 4715 428 4781 'verm
447 4719 501 4766 nio.
535 4717 566 4768 B.
832 4721 862 4772 B.
897 4721 1028 4773 liberastis.
1061 4721 1095 4774 D.

318 4792 419 4860 ⁸511am]
437 4793 518 4848 istam.
551 4797 620 4848 B.D.
867 4801 885 4832 ¹¹
890 4799 1089 4869 praevalebimus]
1107 4801 1253 4858 valebimus.
1287 4803 1318 4854 B.
