<?xml version="1.0" encoding="UTF-8"?>
<!DOCTYPE html PUBLIC "-//W3C//DTD XHTML 1.0 Transitional//EN"
    "http://www.w3.org/TR/xhtml1/DTD/xhtml1-transitional.dtd">
<html xmlns="http://www.w3.org/1999/xhtml" xml:lang="en" lang="en">
 <head>
  <title>
</title>
<meta http-equiv="Content-Type" content="text/html;charset=utf-8" />
  <meta name='ocr-system' content='tesseract 3.04.00' />
  <meta name='ocr-capabilities' content='ocr_page ocr_carea ocr_par ocr_line ocrx_word'/>
</head>
<body>
  <div class='ocr_page' id='page_1' title='image "./eulogiumhistori00haydgoog_0435.png"; bbox 0 0 3590 5844; ppageno 0'>
   <div class='ocr_carea' id='block_1_1' title="bbox 562 877 1337 948">
    <p class='ocr_par' dir='ltr' id='par_1_1' title="bbox 562 877 1337 948">
     <span class='ocr_line' id='line_1_1' title="bbox 562 877 1337 948; baseline 0.004 -4"><span class='ocrx_word' id='word_1_1' title='bbox 562 891 749 944; x_wconf 79' lang='lat' dir='ltr'>nunooxuu</span> <span class='ocrx_word' id='word_1_2' title='bbox 772 891 1030 944; x_wconf 80' lang='lat' dir='ltr'>nrsronmnuu.</span> <span class='ocrx_word' id='word_1_3' title='bbox 1271 877 1337 948; x_wconf 81' lang='lat'>:34⁷</span> 
     </span>
    </p>
   </div>
   <div class='ocr_carea' id='block_1_2' title="bbox 276 1057 1465 2284">
    <p class='ocr_par' dir='ltr' id='par_1_2' title="bbox 276 1057 1465 2284">
     <span class='ocr_line' id='line_1_2' title="bbox 276 1057 1465 1156; baseline -0.008 -24"><span class='ocrx_word' id='word_1_4' title='bbox 276 1067 356 1156; x_wconf 80' lang='lat' dir='ltr'>gas,¹</span> <span class='ocrx_word' id='word_1_5' title='bbox 393 1067 603 1134; x_wconf 77' lang='lat' dir='ltr'>Mauricum⁹</span> <span class='ocrx_word' id='word_1_6' title='bbox 641 1067 948 1144; x_wconf 78' lang='lat' dir='ltr'>Oardoroanensem</span> <span class='ocrx_word' id='word_1_7' title='bbox 980 1057 1124 1131; x_wconf 81' lang='lat' dir='ltr'>Alidur³</span> <span class='ocrx_word' id='word_1_8' title='bbox 1165 1067 1206 1132; x_wconf 86' lang='lat' dir='ltr'>do</span> <span class='ocrx_word' id='word_1_9' title='bbox 1236 1067 1325 1152; x_wconf 84' lang='lat' dir='ltr'>Tyn-</span> <span class='ocrx_word' id='word_1_10' title='bbox 1338 1074 1465 1128; x_wconf 73' lang='lat' dir='ltr'>Thelin-</span> 
     </span>
     <span class='ocr_line' id='line_1_3' title="bbox 276 1148 1435 1281; baseline -0.003 -45"><span class='ocrx_word' id='word_1_11' title='bbox 276 1171 376 1258; x_wconf 79' lang='lat' dir='ltr'>tagol,</span> <span class='ocrx_word' id='word_1_12' title='bbox 409 1169 500 1236; x_wconf 89' lang='lat' dir='ltr'>Heer</span> <span class='ocrx_word' id='word_1_13' title='bbox 524 1169 632 1236; x_wconf 87' lang='lat' dir='ltr'>filium</span> <span class='ocrx_word' id='word_1_14' title='bbox 662 1170 790 1256; x_wconf 87' lang='lat' dir='ltr'>Hyder,</span> <span class='ocrx_word' id='word_1_15' title='bbox 813 1169 934 1255; x_wconf 85' lang='lat' dir='ltr'>quibus</span> <span class='ocrx_word' id='word_1_16' title='bbox 961 1168 1150 1235; x_wconf 74' lang='lat' dir='ltr'>audaciores</span> <span class='ocrx_word' id='word_1_17' title='bbox 1180 1189 1249 1234; x_wconf 94' lang='lat' dir='ltr'>non</span> <span class='ocrx_word' id='word_1_18' title='bbox 1278 1168 1326 1233; x_wconf 88' lang='lat' dir='ltr'>fa-</span> <span class='ocrx_word' id='word_1_19' title='bbox 1337 1148 1435 1281; x_wconf 48' lang='grc' dir='ltr'><em>Ἢ</em></span> 
     </span>
     <span class='ocr_line' id='line_1_4' title="bbox 277 1273 1443 1362; baseline -0.003 -23"><span class='ocrx_word' id='word_1_20' title='bbox 277 1273 338 1340; x_wconf 87' lang='lat' dir='ltr'>oile</span> <span class='ocrx_word' id='word_1_21' title='bbox 363 1273 499 1361; x_wconf 86' lang='lat' dir='ltr'>reperiri</span> <span class='ocrx_word' id='word_1_22' title='bbox 524 1277 693 1362; x_wconf 85' lang='lat' dir='ltr'>poterant.</span> <span class='ocrx_word' id='word_1_23' title='bbox 1338 1285 1443 1336; x_wconf 81' lang='lat' dir='ltr'>Arthur.</span> 
     </span>
     <span class='ocr_line' id='line_1_5' title="bbox 322 1373 1325 1462; baseline -0.004 -21"><span class='ocrx_word' id='word_1_24' title='bbox 322 1375 465 1441; x_wconf 85' lang='lat' dir='ltr'>Romani</span> <span class='ocrx_word' id='word_1_25' title='bbox 494 1373 630 1442; x_wconf 79' lang='lat' dir='ltr'>tandem</span> <span class='ocrx_word' id='word_1_26' title='bbox 666 1395 875 1462; x_wconf 78' lang='lat' dir='ltr'>congressum</span> <span class='ocrx_word' id='word_1_27' title='bbox 905 1395 1019 1441; x_wconf 88' lang='lat' dir='ltr'>eorum</span> <span class='ocrx_word' id='word_1_28' title='bbox 1057 1373 1140 1439; x_wconf 87' lang='lat' dir='ltr'>ferre</span> <span class='ocrx_word' id='word_1_29' title='bbox 1170 1393 1239 1438; x_wconf 89' lang='lat' dir='ltr'>non</span> <span class='ocrx_word' id='word_1_30' title='bbox 1268 1393 1325 1438; x_wconf 88' lang='lat' dir='ltr'>va·</span> 
     </span>
     <span class='ocr_line' id='line_1_6' title="bbox 277 1477 1328 1565; baseline -0.003 -21"><span class='ocrx_word' id='word_1_31' title='bbox 277 1477 385 1544; x_wconf 89' lang='lat' dir='ltr'>lentes</span> <span class='ocrx_word' id='word_1_32' title='bbox 406 1477 496 1544; x_wconf 83' lang='lat' dir='ltr'>osius</span> <span class='ocrx_word' id='word_1_33' title='bbox 525 1477 731 1564; x_wconf 89' lang='lat' dir='ltr'>reliquerunt</span> <span class='ocrx_word' id='word_1_34' title='bbox 761 1497 912 1565; x_wconf 82' lang='lat' dir='ltr'>eampum</span> <span class='ocrx_word' id='word_1_35' title='bbox 942 1481 977 1544; x_wconf 90' lang='lat' dir='ltr'>et</span> <span class='ocrx_word' id='word_1_36' title='bbox 998 1481 1105 1543; x_wconf 85' lang='lat' dir='ltr'>eastra</span> <span class='ocrx_word' id='word_1_37' title='bbox 1127 1497 1187 1542; x_wconf 88' lang='lat' dir='ltr'>sua</span> <span class='ocrx_word' id='word_1_38' title='bbox 1216 1481 1328 1564; x_wconf 87' lang='lat' dir='ltr'>petere</span> 
     </span>
     <span class='ocr_line' id='line_1_7' title="bbox 279 1578 1327 1668; baseline -0.003 -22"><span class='ocrx_word' id='word_1_39' title='bbox 279 1583 459 1668; x_wconf 70' lang='lat' dir='ltr'>receperunt,</span> <span class='ocrx_word' id='word_1_40' title='bbox 490 1584 527 1646; x_wconf 90' lang='lat' dir='ltr'>at</span> <span class='ocrx_word' id='word_1_41' title='bbox 550 1581 705 1648; x_wconf 86' lang='lat' dir='ltr'>Britones</span> <span class='ocrx_word' id='word_1_42' title='bbox 738 1579 948 1667; x_wconf 74' lang='lat' dir='ltr'>insequentes</span> <span class='ocrx_word' id='word_1_43' title='bbox 985 1584 1129 1668; x_wconf 86' lang='lat' dir='ltr'>stragem</span> <span class='ocrx_word' id='word_1_44' title='bbox 1171 1578 1327 1658; x_wconf 80' lang='lat' dir='ltr'>inferunt,</span> 
     </span>
     <span class='ocr_line' id='line_1_8' title="bbox 278 1681 1328 1771; baseline -0.003 -23"><span class='ocrx_word' id='word_1_45' title='bbox 278 1683 488 1771; x_wconf 78' lang='lat' dir='ltr'>quamplrues</span> <span class='ocrx_word' id='word_1_46' title='bbox 527 1683 672 1770; x_wconf 80' lang='lat' dir='ltr'>eupiunt,</span> <span class='ocrx_word' id='word_1_47' title='bbox 703 1703 763 1750; x_wconf 87' lang='lat' dir='ltr'>neo</span> <span class='ocrx_word' id='word_1_48' title='bbox 804 1683 1002 1768; x_wconf 88' lang='lat' dir='ltr'>quieverunt</span> <span class='ocrx_word' id='word_1_49' title='bbox 1031 1683 1135 1748; x_wconf 84' lang='lat' dir='ltr'>donee</span> <span class='ocrx_word' id='word_1_50' title='bbox 1169 1681 1328 1748; x_wconf 83' lang='lat' dir='ltr'>Gwiterio</span> 
     </span>
     <span class='ocr_line' id='line_1_9' title="bbox 279 1783 1328 1872; baseline -0.004 -20"><span class='ocrx_word' id='word_1_51' title='bbox 279 1785 405 1852; x_wconf 80' lang='lat' dir='ltr'>Catello</span> <span class='ocrx_word' id='word_1_52' title='bbox 449 1789 484 1850; x_wconf 91' lang='lat' dir='ltr'>et</span> <span class='ocrx_word' id='word_1_53' title='bbox 521 1785 678 1852; x_wconf 87' lang='lat' dir='ltr'>Evandro</span> <span class='ocrx_word' id='word_1_54' title='bbox 716 1807 791 1872; x_wconf 84' lang='lat' dir='ltr'>rege</span> <span class='ocrx_word' id='word_1_55' title='bbox 836 1785 945 1871; x_wconf 85' lang='lat' dir='ltr'>Syriae</span> <span class='ocrx_word' id='word_1_56' title='bbox 985 1783 1163 1872; x_wconf 89' lang='lat' dir='ltr'>peremptis</span> <span class='ocrx_word' id='word_1_57' title='bbox 1192 1788 1328 1850; x_wconf 77' lang='lat' dir='ltr'>caeteros</span> 
     </span>
     <span class='ocr_line' id='line_1_10' title="bbox 280 1880 1328 1976; baseline 0 -24"><span class='ocrx_word' id='word_1_58' title='bbox 280 1888 414 1976; x_wconf 86' lang='lat' dir='ltr'>penitus</span> <span class='ocrx_word' id='word_1_59' title='bbox 436 1880 688 1975; x_wconf 86' lang='lat' dir='ltr'>dissipaverunt.</span> <span class='ocrx_word' id='word_1_60' title='bbox 735 1885 865 1954; x_wconf 86' lang='lat' dir='ltr'>Habita</span> <span class='ocrx_word' id='word_1_61' title='bbox 889 1888 994 1975; x_wconf 83' lang='lat' dir='ltr'>igitur</span> <span class='ocrx_word' id='word_1_62' title='bbox 1020 1887 1160 1952; x_wconf 76' lang='lat' dir='ltr'>victoria</span> <span class='ocrx_word' id='word_1_63' title='bbox 1180 1887 1328 1974; x_wconf 84' lang='lat' dir='ltr'>osptivos</span> 
     </span>
     <span class='ocr_line' id='line_1_11' title="bbox 280 1988 1329 2078; baseline 0 -22"><span class='ocrx_word' id='word_1_64' title='bbox 280 2009 363 2078; x_wconf 90' lang='lat' dir='ltr'>quos</span> <span class='ocrx_word' id='word_1_65' title='bbox 389 1988 556 2056; x_wconf 76' lang='lat' dir='ltr'><strong>ducebant</strong></span> <span class='ocrx_word' id='word_1_66' title='bbox 577 1992 740 2057; x_wconf 86' lang='lat' dir='ltr'>miserunt</span> <span class='ocrx_word' id='word_1_67' title='bbox 760 1989 906 2056; x_wconf 67' lang='lat' dir='ltr'>Par-isius</span> <span class='ocrx_word' id='word_1_68' title='bbox 928 1994 1027 2077; x_wconf 88' lang='lat' dir='ltr'>atque</span> <span class='ocrx_word' id='word_1_69' title='bbox 1057 2011 1132 2056; x_wconf 85' lang='lat' dir='ltr'>oum</span> <span class='ocrx_word' id='word_1_70' title='bbox 1158 1989 1224 2054; x_wconf 81' lang='lat' dir='ltr'>illis</span> <span class='ocrx_word' id='word_1_71' title='bbox 1247 2009 1329 2075; x_wconf 89' lang='lat' dir='ltr'>quos</span> 
     </span>
     <span class='ocr_line' id='line_1_12' title="bbox 279 2090 1328 2182; baseline -0.003 -23"><span class='ocrx_word' id='word_1_72' title='bbox 279 2097 602 2181; x_wconf 84' lang='lat' dir='ltr'>reoenteroeperant</span> <span class='ocrx_word' id='word_1_73' title='bbox 624 2095 667 2160; x_wconf 84' lang='lat' dir='ltr'>ad</span> <span class='ocrx_word' id='word_1_74' title='bbox 687 2113 798 2182; x_wconf 83' lang='lat' dir='ltr'>regem</span> <span class='ocrx_word' id='word_1_75' title='bbox 829 2113 926 2159; x_wconf 90' lang='lat' dir='ltr'>suum</span> <span class='ocrx_word' id='word_1_76' title='bbox 947 2090 1163 2180; x_wconf 86' lang='lat' dir='ltr'>repedantes⁴</span> <span class='ocrx_word' id='word_1_77' title='bbox 1191 2113 1328 2157; x_wconf 86' lang='lat' dir='ltr'>summae</span> 
     </span>
     <span class='ocr_line' id='line_1_13' title="bbox 280 2195 1330 2284; baseline 0 -24"><span class='ocrx_word' id='word_1_78' title='bbox 280 2196 429 2262; x_wconf 77' lang='lat' dir='ltr'>victoriae</span> <span class='ocrx_word' id='word_1_79' title='bbox 466 2195 707 2284; x_wconf 70' lang='lat' dir='ltr'>promittebant</span> <span class='ocrx_word' id='word_1_80' title='bbox 747 2217 822 2262; x_wconf 88' lang='lat' dir='ltr'>oum</span> <span class='ocrx_word' id='word_1_81' title='bbox 851 2196 1029 2262; x_wconf 84' lang='lat' dir='ltr'>admodum</span> <span class='ocrx_word' id='word_1_82' title='bbox 1066 2195 1162 2282; x_wconf 87' lang='lat' dir='ltr'>pauoi</span> <span class='ocrx_word' id='word_1_83' title='bbox 1200 2195 1240 2260; x_wconf 89' lang='lat' dir='ltr'>de</span> <span class='ocrx_word' id='word_1_84' title='bbox 1276 2197 1330 2260; x_wconf 88' lang='lat' dir='ltr'>tot</span> 
     </span>
    </p>
   </div>
   <div class='ocr_carea' id='block_1_3' title="bbox 280 2297 1225 2387">
    <p class='ocr_par' dir='ltr' id='par_1_3' title="bbox 280 2297 1225 2387">
     <span class='ocr_line' id='line_1_14' title="bbox 280 2297 1225 2387; baseline -0.003 -22"><span class='ocrx_word' id='word_1_85' title='bbox 280 2297 599 2387; x_wconf 79' lang='lat' dir='ltr'>superuenientibus¹</span> <span class='ocrx_word' id='word_1_86' title='bbox 617 2298 768 2366; x_wconf 79' lang='lat' dir='ltr'>hostibus</span> <span class='ocrx_word' id='word_1_87' title='bbox 797 2297 1003 2387; x_wconf 89' lang='lat' dir='ltr'>triumphum</span> <span class='ocrx_word' id='word_1_88' title='bbox 1026 2298 1225 2364; x_wconf 76' lang='lat' dir='ltr'>habuissent.</span> 
     </span>
    </p>
   </div>
   <div class='ocr_carea' id='block_1_4' title="bbox 695 2605 906 2674">
    <p class='ocr_par' dir='ltr' id='par_1_4' title="bbox 695 2605 906 2674">
     <span class='ocr_line' id='line_1_15' title="bbox 695 2605 906 2674; baseline -0.009 0"><span class='ocrx_word' id='word_1_89' title='bbox 695 2605 779 2674; x_wconf 77' lang='lat' dir='ltr'>Cur.</span> <span class='ocrx_word' id='word_1_90' title='bbox 804 2606 906 2672; x_wconf 88' lang='lat' dir='ltr'>LXV.</span> 
     </span>
    </p>
   </div>
   <div class='ocr_carea' id='block_1_5' title="bbox 282 2805 1337 4024">
    <p class='ocr_par' dir='ltr' id='par_1_5' title="bbox 282 2805 1337 4024">
     <span class='ocr_line' id='line_1_16' title="bbox 325 2805 1332 2889; baseline 0.004 -19"><span class='ocrx_word' id='word_1_91' title='bbox 325 2806 460 2874; x_wconf 80' lang='lat' dir='ltr'>Luows</span> <span class='ocrx_word' id='word_1_92' title='bbox 486 2811 599 2874; x_wconf 90' lang='lat' dir='ltr'>autem</span> <span class='ocrx_word' id='word_1_93' title='bbox 622 2805 789 2886; x_wconf 85' lang='lat' dir='ltr'>Hiberius,</span> <span class='ocrx_word' id='word_1_94' title='bbox 814 2808 898 2874; x_wconf 85' lang='lat' dir='ltr'>tales</span> <span class='ocrx_word' id='word_1_95' title='bbox 928 2829 1023 2874; x_wconf 78' lang='lat' dir='ltr'>ersus</span> <span class='ocrx_word' id='word_1_96' title='bbox 1053 2807 1189 2874; x_wconf 86' lang='lat' dir='ltr'>moleste</span> <span class='ocrx_word' id='word_1_97' title='bbox 1215 2805 1332 2889; x_wconf 81' lang='lat' dir='ltr'>ferens,</span> 
     </span>
     <span class='ocr_line' id='line_1_17' title="bbox 282 2909 1332 2978; baseline 0 -3"><span class='ocrx_word' id='word_1_98' title='bbox 282 2910 430 2976; x_wconf 80' lang='lat' dir='ltr'>animum</span> <span class='ocrx_word' id='word_1_99' title='bbox 453 2933 550 2977; x_wconf 89' lang='lat' dir='ltr'>suum</span> <span class='ocrx_word' id='word_1_100' title='bbox 573 2909 711 2977; x_wconf 82' lang='lat' dir='ltr'>diversis</span> <span class='ocrx_word' id='word_1_101' title='bbox 737 2909 897 2976; x_wconf 82' lang='lat' dir='ltr'>eruciati⁶</span> <span class='ocrx_word' id='word_1_102' title='bbox 926 2931 1016 2976; x_wconf 90' lang='lat' dir='ltr'>nuno</span> <span class='ocrx_word' id='word_1_103' title='bbox 1042 2911 1107 2978; x_wconf 84' lang='lat' dir='ltr'>hue</span> <span class='ocrx_word' id='word_1_104' title='bbox 1137 2931 1226 2976; x_wconf 91' lang='lat' dir='ltr'>nuno</span> <span class='ocrx_word' id='word_1_105' title='bbox 1254 2909 1332 2976; x_wconf 85' lang='lat' dir='ltr'>illuc</span> 
     </span>
     <span class='ocr_line' id='line_1_18' title="bbox 282 3011 1333 3100; baseline 0.005 -26"><span class='ocrx_word' id='word_1_106' title='bbox 282 3011 425 3077; x_wconf 87' lang='lat' dir='ltr'>revolvit</span> <span class='ocrx_word' id='word_1_107' title='bbox 440 3012 626 3080; x_wconf 86' lang='lat' dir='ltr'>haesitando</span> <span class='ocrx_word' id='word_1_108' title='bbox 649 3035 693 3078; x_wconf 91' lang='lat' dir='ltr'>an</span> <span class='ocrx_word' id='word_1_109' title='bbox 708 3018 818 3100; x_wconf 83' lang='lat' dir='ltr'>coepta</span> <span class='ocrx_word' id='word_1_110' title='bbox 832 3013 956 3098; x_wconf 76' lang='lat' dir='ltr'>proelia</span> <span class='ocrx_word' id='word_1_111' title='bbox 974 3035 1049 3079; x_wconf 88' lang='lat' dir='ltr'>oum</span> <span class='ocrx_word' id='word_1_112' title='bbox 1073 3013 1222 3079; x_wconf 86' lang='lat' dir='ltr'>Arthuro</span> <span class='ocrx_word' id='word_1_113' title='bbox 1244 3034 1333 3079; x_wconf 90' lang='lat' dir='ltr'>oom-</span> 
     </span>
     <span class='ocr_line' id='line_1_19' title="bbox 285 3107 1332 3202; baseline 0.004 -26"><span class='ocrx_word' id='word_1_114' title='bbox 285 3113 401 3177; x_wconf 87' lang='lat' dir='ltr'>mittat</span> <span class='ocrx_word' id='word_1_115' title='bbox 433 3134 478 3178; x_wconf 90' lang='lat' dir='ltr'>an</span> <span class='ocrx_word' id='word_1_116' title='bbox 522 3113 609 3179; x_wconf 81' lang='lat' dir='ltr'>infra</span> <span class='ocrx_word' id='word_1_117' title='bbox 639 3107 927 3202; x_wconf 78' lang='lat' dir='ltr'>Augustudunum</span> <span class='ocrx_word' id='word_1_118' title='bbox 964 3112 1137 3202; x_wconf 79' lang='lat' dir='ltr'>rsoeptus⁰</span> <span class='ocrx_word' id='word_1_119' title='bbox 1169 3115 1332 3180; x_wconf 82' lang='lat' dir='ltr'>auxilium</span> 
     </span>
     <span class='ocr_line' id='line_1_20' title="bbox 286 3212 1334 3303; baseline 0.004 -25"><span class='ocrx_word' id='word_1_120' title='bbox 286 3212 405 3278; x_wconf 87' lang='lat' dir='ltr'>Leonis</span> <span class='ocrx_word' id='word_1_121' title='bbox 427 3215 633 3302; x_wconf 78' lang='lat' dir='ltr'>imperatoris</span> <span class='ocrx_word' id='word_1_122' title='bbox 648 3221 806 3303; x_wconf 84' lang='lat' dir='ltr'>expectet</span> <span class='ocrx_word' id='word_1_123' title='bbox 836 3212 1059 3302; x_wconf 85' lang='lat' dir='ltr'>Adquiesoens</span> <span class='ocrx_word' id='word_1_124' title='bbox 1074 3216 1208 3282; x_wconf 84' lang='lat' dir='ltr'>tandem</span> <span class='ocrx_word' id='word_1_125' title='bbox 1224 3216 1334 3282; x_wconf 82' lang='lat' dir='ltr'>formi-</span> 
     </span>
     <span class='ocr_line' id='line_1_21' title="bbox 286 3313 1336 3406; baseline 0.006 -26"><span class='ocrx_word' id='word_1_126' title='bbox 286 3313 380 3380; x_wconf 82' lang='lat' dir='ltr'>dini⁷</span> <span class='ocrx_word' id='word_1_127' title='bbox 395 3321 492 3382; x_wconf 82' lang='lat' dir='ltr'>noete</span> <span class='ocrx_word' id='word_1_128' title='bbox 507 3319 658 3403; x_wconf 84' lang='lat' dir='ltr'>sequenti</span> <span class='ocrx_word' id='word_1_129' title='bbox 679 3317 873 3406; x_wconf 81' lang='lat' dir='ltr'>praediotam</span> <span class='ocrx_word' id='word_1_130' title='bbox 895 3319 1066 3385; x_wconf 82' lang='lat' dir='ltr'>civitatem</span> <span class='ocrx_word' id='word_1_131' title='bbox 1080 3319 1232 3385; x_wconf 86' lang='lat' dir='ltr'>editurus</span> <span class='ocrx_word' id='word_1_132' title='bbox 1247 3318 1336 3386; x_wconf 89' lang='lat' dir='ltr'>Len-</span> 
     </span>
     <span class='ocr_line' id='line_1_22' title="bbox 287 3415 1335 3509; baseline 0.006 -27"><span class='ocrx_word' id='word_1_133' title='bbox 287 3415 383 3504; x_wconf 80' lang='lat' dir='ltr'>gias⁸</span> <span class='ocrx_word' id='word_1_134' title='bbox 398 3439 473 3484; x_wconf 89' lang='lat' dir='ltr'>oum</span> <span class='ocrx_word' id='word_1_135' title='bbox 496 3419 696 3486; x_wconf 83' lang='lat' dir='ltr'>exercitibus</span> <span class='ocrx_word' id='word_1_136' title='bbox 711 3420 779 3486; x_wconf 88' lang='lat' dir='ltr'>suis</span> <span class='ocrx_word' id='word_1_137' title='bbox 795 3421 986 3509; x_wconf 75' lang='lat' dir='ltr'>ingreditur.</span> <span class='ocrx_word' id='word_1_138' title='bbox 1020 3421 1118 3503; x_wconf 82' lang='lat' dir='ltr'>Quod</span> <span class='ocrx_word' id='word_1_139' title='bbox 1132 3427 1174 3487; x_wconf 90' lang='lat' dir='ltr'>ut</span> <span class='ocrx_word' id='word_1_140' title='bbox 1188 3422 1335 3488; x_wconf 78' lang='lat' dir='ltr'>Arthuro</span> 
     </span>
     <span class='ocr_line' id='line_1_23' title="bbox 288 3522 1335 3612; baseline 0.004 -26"><span class='ocrx_word' id='word_1_141' title='bbox 288 3525 493 3609; x_wconf 82' lang='lat' dir='ltr'>compertum</span> <span class='ocrx_word' id='word_1_142' title='bbox 522 3527 582 3604; x_wconf 87' lang='lat' dir='ltr'>est,</span> <span class='ocrx_word' id='word_1_143' title='bbox 621 3522 779 3589; x_wconf 78' lang='lat' dir='ltr'>affectans</span> <span class='ocrx_word' id='word_1_144' title='bbox 809 3523 875 3590; x_wconf 84' lang='lat' dir='ltr'>iter</span> <span class='ocrx_word' id='word_1_145' title='bbox 912 3523 983 3611; x_wconf 87' lang='lat' dir='ltr'>ejus</span> <span class='ocrx_word' id='word_1_146' title='bbox 1010 3523 1193 3612; x_wconf 68' lang='lat' dir='ltr'>praeoedere</span> <span class='ocrx_word' id='word_1_147' title='bbox 1222 3525 1335 3600; x_wconf 84' lang='lat' dir='ltr'>eudem</span> 
     </span>
     <span class='ocr_line' id='line_1_24' title="bbox 289 3623 1335 3714; baseline 0.004 -26"><span class='ocrx_word' id='word_1_148' title='bbox 289 3629 387 3692; x_wconf 81' lang='lat' dir='ltr'>noete</span> <span class='ocrx_word' id='word_1_149' title='bbox 416 3624 533 3692; x_wconf 80' lang='lat' dir='ltr'>relicta</span> <span class='ocrx_word' id='word_1_150' title='bbox 554 3645 575 3690; x_wconf 88' lang='lat' dir='ltr'>a</span> <span class='ocrx_word' id='word_1_151' title='bbox 596 3625 684 3692; x_wconf 83' lang='lat' dir='ltr'>laeva</span> <span class='ocrx_word' id='word_1_152' title='bbox 705 3623 864 3693; x_wconf 81' lang='lat' dir='ltr'>civitato⁰</span> <span class='ocrx_word' id='word_1_153' title='bbox 885 3627 1063 3714; x_wconf 85' lang='lat' dir='ltr'>quamdam</span> <span class='ocrx_word' id='word_1_154' title='bbox 1092 3627 1214 3693; x_wconf 84' lang='lat' dir='ltr'>vallem</span> <span class='ocrx_word' id='word_1_155' title='bbox 1236 3647 1335 3713; x_wconf 86' lang='lat' dir='ltr'>quam</span> 
     </span>
     <span class='ocr_line' id='line_1_25' title="bbox 290 3727 1337 3818; baseline 0.002 -26"><span class='ocrx_word' id='word_1_156' title='bbox 290 3727 410 3794; x_wconf 91' lang='lat' dir='ltr'>Luoius</span> <span class='ocrx_word' id='word_1_157' title='bbox 433 3728 639 3817; x_wconf 80' lang='lat' dir='ltr'>ingressurus</span> <span class='ocrx_word' id='word_1_158' title='bbox 660 3733 733 3795; x_wconf 83' lang='lat' dir='ltr'>erat</span> <span class='ocrx_word' id='word_1_159' title='bbox 747 3729 997 3818; x_wconf 79' lang='lat' dir='ltr'>transgreditur,</span> <span class='ocrx_word' id='word_1_160' title='bbox 1013 3751 1089 3817; x_wconf 82' lang='lat' dir='ltr'>quae</span> <span class='ocrx_word' id='word_1_161' title='bbox 1110 3749 1213 3816; x_wconf 87' lang='lat' dir='ltr'>usque</span> <span class='ocrx_word' id='word_1_162' title='bbox 1235 3727 1300 3795; x_wconf 89' lang='lat' dir='ltr'>huo</span> <span class='ocrx_word' id='word_1_163' title='bbox 1312 3727 1337 3766; x_wconf 89' lang='lat'>¹⁰</span> 
     </span>
     <span class='ocr_line' id='line_1_26' title="bbox 289 3829 1335 3921; baseline 0 -25"><span class='ocrx_word' id='word_1_164' title='bbox 289 3829 396 3896; x_wconf 85' lang='lat' dir='ltr'>Siesia</span> <span class='ocrx_word' id='word_1_165' title='bbox 424 3837 583 3915; x_wconf 80' lang='lat' dir='ltr'>vooatur3</span> <span class='ocrx_word' id='word_1_166' title='bbox 612 3831 852 3901; x_wconf 80' lang='lat' dir='ltr'>commilitones</span> <span class='ocrx_word' id='word_1_167' title='bbox 881 3853 957 3899; x_wconf 88' lang='lat' dir='ltr'>suos</span> <span class='ocrx_word' id='word_1_168' title='bbox 969 3829 992 3872; x_wconf 91' lang='lat'>¹¹</span> <span class='ocrx_word' id='word_1_169' title='bbox 1016 3855 1075 3921; x_wconf 90' lang='lat' dir='ltr'>per</span> <span class='ocrx_word' id='word_1_170' title='bbox 1097 3837 1244 3900; x_wconf 80' lang='lat' dir='ltr'>catervas</span> <span class='ocrx_word' id='word_1_171' title='bbox 1271 3831 1335 3896; x_wconf 88' lang='lat' dir='ltr'>dis·</span> 
     </span>
     <span class='ocr_line' id='line_1_27' title="bbox 289 3933 1337 4024; baseline 0 -26"><span class='ocrx_word' id='word_1_172' title='bbox 289 3954 409 4020; x_wconf 89' lang='lat' dir='ltr'>ponere</span> <span class='ocrx_word' id='word_1_173' title='bbox 431 3935 546 4000; x_wconf 88' lang='lat' dir='ltr'>volens</span> <span class='ocrx_word' id='word_1_174' title='bbox 575 3935 738 4022; x_wconf 87' lang='lat' dir='ltr'>legionem</span> <span class='ocrx_word' id='word_1_175' title='bbox 761 3958 864 4002; x_wconf 88' lang='lat' dir='ltr'>unam</span> <span class='ocrx_word' id='word_1_176' title='bbox 894 3937 947 4003; x_wconf 90' lang='lat' dir='ltr'>oui</span> <span class='ocrx_word' id='word_1_177' title='bbox 973 3935 1161 4024; x_wconf 72' lang='lat' dir='ltr'>praefecerat</span> <span class='ocrx_word' id='word_1_178' title='bbox 1184 3933 1337 4020; x_wconf 86' lang='lat' dir='ltr'>Morwyd</span> 
     </span>
    </p>
   </div>
   <div class='ocr_carea' id='block_1_6' title="bbox 326 4133 836 4146">
    <p class='ocr_par' dir='ltr' id='par_1_6' title="bbox 326 4133 836 4146">
     <span class='ocr_line' id='line_1_28' title="bbox 326 4133 836 4146; baseline 0.012 -6"><span class='ocrx_word' id='word_1_179' title='bbox 326 4133 401 4141; x_wconf 74' lang='lat'>--—-.</span> <span class='ocrx_word' id='word_1_180' title='bbox 639 4137 836 4146; x_wconf 43' lang='grc' dir='ltr'>..ι-ψη.-</span> 
     </span>
    </p>
   </div>
   <div class='ocr_carea' id='block_1_7' title="bbox 286 4255 1337 4404">
    <p class='ocr_par' dir='ltr' id='par_1_7' title="bbox 286 4255 1337 4404">
     <span class='ocr_line' id='line_1_29' title="bbox 314 4255 1337 4389; baseline 0.003 -81"><span class='ocrx_word' id='word_1_181' title='bbox 314 4255 473 4387; x_wconf 53' lang='grc' dir='ltr'>ῙΙΙΗὲηἱρΙιζε]</span> <span class='ocrx_word' id='word_1_182' title='bbox 503 4255 641 4326; x_wconf 73' lang='lat' dir='ltr'>Hitelglss.</span> <span class='ocrx_word' id='word_1_183' title='bbox 675 4259 706 4312; x_wconf 87' lang='lat' dir='ltr'>B.</span> <span class='ocrx_word' id='word_1_184' title='bbox 739 4259 794 4327; x_wconf 85' lang='lat' dir='ltr'>Hy·</span> <span class='ocrx_word' id='word_1_185' title='bbox 834 4257 982 4389; x_wconf 60' lang='lat' dir='ltr'>garinum.</span> <span class='ocrx_word' id='word_1_186' title='bbox 999 4258 1030 4311; x_wconf 85' lang='lat' dir='ltr'>B.</span> <span class='ocrx_word' id='word_1_187' title='bbox 1047 4255 1337 4311; x_wconf 79' lang='lat' dir='ltr'>oruoisdburrexatnm.</span> 
     </span>
     <span class='ocr_line' id='line_1_30' title="bbox 286 4353 867 4404; baseline 0.003 -16"><span class='ocrx_word' id='word_1_188' title='bbox 286 4353 386 4404; x_wconf 82' lang='lat' dir='ltr'>regas.</span> <span class='ocrx_word' id='word_1_189' title='bbox 449 4376 454 4388; x_wconf 94' lang='lat'>.</span> <span class='ocrx_word' id='word_1_190' title='bbox 860 4377 867 4390; x_wconf 91' lang='lat'>.</span> 
     </span>
    </p>
   </div>
   <div class='ocr_carea' id='block_1_8' title="bbox 290 4415 1290 4643">
    <p class='ocr_par' dir='ltr' id='par_1_8' title="bbox 290 4415 1290 4643">
     <span class='ocr_line' id='line_1_31' title="bbox 319 4415 1249 4484; baseline 0.003 -17"><span class='ocrx_word' id='word_1_191' title='bbox 319 4415 496 4484; x_wconf 77' lang='lat' dir='ltr'>²Mauriesm]</span> <span class='ocrx_word' id='word_1_192' title='bbox 515 4415 676 4470; x_wconf 71' lang='lat' dir='ltr'>Maurieium.</span> <span class='ocrx_word' id='word_1_193' title='bbox 709 4416 743 4468; x_wconf 93' lang='lat' dir='ltr'>D.</span> <span class='ocrx_word' id='word_1_194' title='bbox 866 4418 1007 4484; x_wconf 57' lang='lat' dir='ltr'>‘receptaq</span> <span class='ocrx_word' id='word_1_195' title='bbox 1026 4417 1165 4470; x_wconf 81' lang='lat' dir='ltr'>Interlined</span> <span class='ocrx_word' id='word_1_196' title='bbox 1175 4417 1203 4470; x_wconf 85' lang='lat' dir='ltr'>in</span> <span class='ocrx_word' id='word_1_197' title='bbox 1214 4419 1249 4470; x_wconf 78' lang='lat' dir='ltr'>A.</span> 
     </span>
     <span class='ocr_line' id='line_1_32' title="bbox 322 4493 1290 4564; baseline 0.004 -20"><span class='ocrx_word' id='word_1_198' title='bbox 322 4493 446 4562; x_wconf 64' lang='lat' dir='ltr'>’2112&#39;st</span> <span class='ocrx_word' id='word_1_199' title='bbox 482 4497 595 4563; x_wconf 79' lang='lat' dir='ltr'>Perhaps</span> <span class='ocrx_word' id='word_1_200' title='bbox 621 4497 722 4548; x_wconf 78' lang='lat' dir='ltr'>Alidur.</span> <span class='ocrx_word' id='word_1_201' title='bbox 757 4497 792 4548; x_wconf 79' lang='lat' dir='ltr'>A.</span> <span class='ocrx_word' id='word_1_202' title='bbox 867 4497 1024 4564; x_wconf 66' lang='lat' dir='ltr'>&#39;fmidinq</span> <span class='ocrx_word' id='word_1_203' title='bbox 1043 4497 1192 4549; x_wconf 82' lang='lat' dir='ltr'>fortitudini.</span> <span class='ocrx_word' id='word_1_204' title='bbox 1225 4499 1290 4552; x_wconf 89' lang='lat' dir='ltr'>B.D.</span> 
     </span>
     <span class='ocr_line' id='line_1_33' title="bbox 290 4573 1260 4643; baseline 0.004 -19"><span class='ocrx_word' id='word_1_205' title='bbox 290 4573 394 4625; x_wconf 80' lang='lat' dir='ltr'>Altduo.</span> <span class='ocrx_word' id='word_1_206' title='bbox 429 4575 493 4626; x_wconf 92' lang='lat' dir='ltr'><strong>B.D.</strong></span> <span class='ocrx_word' id='word_1_207' title='bbox 866 4575 1008 4643; x_wconf 55' lang='lat' dir='ltr'>&#39;Lmqiofi</span> <span class='ocrx_word' id='word_1_208' title='bbox 1028 4577 1160 4642; x_wconf 84' lang='lat' dir='ltr'>Lengriss.</span> <span class='ocrx_word' id='word_1_209' title='bbox 1194 4577 1260 4628; x_wconf 72' lang='lat' dir='ltr'>RD.</span> 
     </span>
    </p>
   </div>
   <div class='ocr_carea' id='block_1_9' title="bbox 196 4653 1239 4722">
    <p class='ocr_par' dir='ltr' id='par_1_9' title="bbox 196 4653 1239 4722">
     <span class='ocr_line' id='line_1_34' title="bbox 196 4653 1239 4722; baseline -0.006 -10"><span class='ocrx_word' id='word_1_210' title='bbox 196 4705 199 4712; x_wconf 29' lang='lat' dir='ltr'>r</span> <span class='ocrx_word' id='word_1_211' title='bbox 324 4653 500 4721; x_wconf 63' lang='lat' dir='ltr'>*npedaareq</span> <span class='ocrx_word' id='word_1_212' title='bbox 520 4669 596 4720; x_wconf 82' lang='lat' dir='ltr'>spem.</span> <span class='ocrx_word' id='word_1_213' title='bbox 610 4655 667 4706; x_wconf 78' lang='lat' dir='ltr'>add.</span> <span class='ocrx_word' id='word_1_214' title='bbox 701 4653 767 4706; x_wconf 89' lang='lat' dir='ltr'><strong>B.D.</strong></span> <span class='ocrx_word' id='word_1_215' title='bbox 868 4655 998 4722; x_wconf 51' lang='lat' dir='ltr'>’aarum</span> <span class='ocrx_word' id='word_1_216' title='bbox 1018 4655 1079 4719; x_wconf 80' lang='lat' dir='ltr'>ejus.</span> <span class='ocrx_word' id='word_1_217' title='bbox 1090 4671 1175 4719; x_wconf 71' lang='lat' dir='ltr'>prem,</span> <span class='ocrx_word' id='word_1_218' title='bbox 1205 4657 1239 4708; x_wconf 85' lang='lat' dir='ltr'>D.</span> 
     </span>
    </p>
   </div>
   <div class='ocr_carea' id='block_1_10' title="bbox 289 4733 1264 4880">
    <p class='ocr_par' dir='ltr' id='par_1_10' title="bbox 289 4733 1264 4880">
     <span class='ocr_line' id='line_1_35' title="bbox 323 4733 1206 4800; baseline 0.001 -17"><span class='ocrx_word' id='word_1_219' title='bbox 323 4733 460 4800; x_wconf 55' lang='lat' dir='ltr'>‘murs</span> <span class='ocrx_word' id='word_1_220' title='bbox 479 4734 524 4784; x_wconf 84' lang='lat' dir='ltr'>An</span> <span class='ocrx_word' id='word_1_221' title='bbox 543 4736 631 4786; x_wconf 78' lang='lat' dir='ltr'>erased</span> <span class='ocrx_word' id='word_1_222' title='bbox 648 4735 721 4786; x_wconf 83' lang='lat' dir='ltr'>letter</span> <span class='ocrx_word' id='word_1_223' title='bbox 742 4742 792 4786; x_wconf 84' lang='lat' dir='ltr'>ter·</span> <span class='ocrx_word' id='word_1_224' title='bbox 867 4735 885 4765; x_wconf 84' lang='lat'>¹⁰</span> <span class='ocrx_word' id='word_1_225' title='bbox 896 4734 1040 4800; x_wconf 76' lang='lat' dir='ltr'>usquehuc]</span> <span class='ocrx_word' id='word_1_226' title='bbox 1059 4749 1107 4784; x_wconf 92' lang='lat' dir='ltr'>om.</span> <span class='ocrx_word' id='word_1_227' title='bbox 1140 4734 1206 4786; x_wconf 89' lang='lat' dir='ltr'><strong>B.D.</strong></span> 
     </span>
     <span class='ocr_line' id='line_1_36' title="bbox 289 4810 1264 4880; baseline 0.002 -18"><span class='ocrx_word' id='word_1_228' title='bbox 289 4810 396 4864; x_wconf 73' lang='lat' dir='ltr'>minatus</span> <span class='ocrx_word' id='word_1_229' title='bbox 407 4811 459 4864; x_wconf 74' lang='lat' dir='ltr'>this</span> <span class='ocrx_word' id='word_1_230' title='bbox 469 4815 538 4866; x_wconf 72' lang='lat' dir='ltr'>word</span> <span class='ocrx_word' id='word_1_231' title='bbox 548 4813 576 4866; x_wconf 85' lang='lat' dir='ltr'>in</span> <span class='ocrx_word' id='word_1_232' title='bbox 587 4813 622 4868; x_wconf 81' lang='lat' dir='ltr'>A.</span> <span class='ocrx_word' id='word_1_233' title='bbox 640 4811 793 4868; x_wconf 79' lang='lat' dir='ltr'>oruoiatibus</span> <span class='ocrx_word' id='word_1_234' title='bbox 868 4815 884 4846; x_wconf 93' lang='lat'>¹¹</span> <span class='ocrx_word' id='word_1_235' title='bbox 896 4813 964 4880; x_wconf 72' lang='lat' dir='ltr'>suos]</span> <span class='ocrx_word' id='word_1_236' title='bbox 984 4812 1068 4880; x_wconf 75' lang='lat' dir='ltr'>igitur.</span> <span class='ocrx_word' id='word_1_237' title='bbox 1080 4827 1165 4879; x_wconf 77' lang='lat' dir='ltr'>prem.</span> <span class='ocrx_word' id='word_1_238' title='bbox 1199 4812 1264 4865; x_wconf 71' lang='lat' dir='ltr'>RD:</span> 
     </span>
    </p>
   </div>
   <div class='ocr_carea' id='block_1_11' title="bbox 0 0 1823 5844">
    <p class='ocr_par' dir='ltr' id='par_1_11' title="bbox 0 0 1823 5844">
     <span class='ocr_line' id='line_1_37' title="bbox 0 0 1823 5844; baseline 0 0"><span class='ocrx_word' id='word_1_239' title='bbox 0 0 1823 5844; x_wconf 95' lang='lat' dir='ltr'> </span> 
     </span>
    </p>
   </div>
  </div>
 </body>
</html>
