3696 5794
600 888 781 938 summula
804 887 1053 938 msronmnuu.
1291 875 1352 946 197

300 1087 419 1152 paucos
442 1066 555 1131 Dauos
577 1067 635 1152 qui
661 1066 803 1153 pcccatis
825 1065 1035 1153 exigentibus
1065 1066 1258 1150 aliquandiu
1281 1085 1523 1153 reg-A.D.1cos.

298 1173 469 1234 naverunt.
547 1169 689 1250 Quidam
724 1169 811 1234 cuim
848 1191 1019 1256 procerum
1059 1167 1238 1234 Williclmo
1276 1170 1352 1235 duci

299 1269 514 1337 Normanniae
551 1271 717 1336 favebant.
788 1270 932 1350 Quidam
969 1293 1048 1336 vero
1105 1271 1235 1357 Edgcro
1280 1271 1350 1336 filio

300 1372 466 1454 Edwardi,
491 1373 581 1439 dicto
605 1373 762 1454 Irensidc,
780 1373 839 1458 qui
861 1373 926 1438 fuit
949 1393 1009 1438 rex
1030 1373 1193 1438 naturalis
1209 1373 1348 1459 Angliae.

299 1473 441 1552 Quidam
479 1497 557 1540 vero
595 1474 745 1541 Haraldo
782 1479 919 1562 propter
956 1497 1049 1540 sunm
1086 1475 1272 1561 potentiam
1312 1479 1347 1538 et

297 1575 437 1640 aliorum
459 1577 644 1643 absentiam
682 1576 847 1642 favebant
896 1576 1064 1642 Haraldus
1086 1599 1164 1642 vero
1194 1578 1259 1642 fide
1290 1599 1346 1642 ex·
1359 1587 1455 1666 Harold

297 1681 385 1743 torta
401 1701 422 1744 a
444 1678 625 1744 minoribus
643 1679 736 1766 regni
751 1680 853 1767 capiti
867 1680 998 1766 proprio
1016 1679 1173 1766 imposuit
1188 1679 1345 1745 diadema.
1360 1659 1492 1772 :ppppthe

297 1779 344 1844 Et
365 1780 411 1846 aio
439 1780 542 1846 fracto
573 1781 763 1867 juramento
786 1787 900 1848 contra
929 1781 1045 1846 ducem
1073 1779 1283 1846 Willidmum
1313 1787 1349 1847 ct
1447 1759 1454 1774 ’

297 1886 411 1948 contra
433 1884 544 1948 omnia
561 1884 639 1970 jura
660 1885 791 1970 regalia,
815 1884 956 1970 quiade
986 1883 1146 1970 sanguine
1168 1885 1257 1970 regio
1279 1905 1348 1949 non

297 1983 396 2050 duxit
419 1985 586 2072 originem,
611 2007 748 2073 regnum
771 1986 904 2073 Angliae
925 1985 1106 2072 usurpavit.
1164 1986 1231 2052 Sed
1255 1986 1348 2072 justo

296 2085 361 2151 Dei
382 2087 508 2173 judicio
538 2088 626 2154 infra
655 2111 779 2154 annum
809 2110 946 2175 regnum
977 2087 1123 2174 perdidit
1159 2092 1194 2153 et
1231 2089 1344 2153 vitam.

264 2195 281 2219 ⁶
297 2189 414 2256 Frater
458 2193 547 2256 enim
584 2192 661 2278 ejus,
685 2191 819 2257 Tostius
856 2190 999 2270 nominc,
1037 2190 1108 2278 regi
1146 2189 1340 2256 Noricorum
1357 2219 1445 2284 Tostig

294 2292 442 2372 adhesit,
457 2297 497 2359 ut
519 2293 550 2358 ei
572 2294 735 2360 auxilium
757 2297 929 2380 praestaret
955 2297 1070 2358 contra
1091 2293 1224 2358 lintrem
1246 2315 1341 2358 auum
1355 2286 1458 2336 invades

289 2393 463 2479 juniorem.
510 2394 576 2476 Qui
598 2396 730 2482 quidem
752 2418 812 2461 rex
831 2395 1028 2461 Noricorum
1046 2394 1177 2460 fulcivit
1195 2395 1344 2461 Tostium
1356 2353 1481 2418 Iungunt.

294 2495 331 2560 iu
352 2497 488 2562 fratrem
511 2497 672 2563 seniorem
694 2518 770 2562 cum
785 2513 853 2563 ccc
877 2496 1056 2585 cogonibus
1078 2495 1161 2561 bone
1184 2495 1342 2562 armatis¹

293 2597 329 2662 in
359 2599 518 2684 Angliam
547 2601 749 2686 applicantes
780 2621 856 2666 cum
889 2598 1054 2687 praedictis
1090 2599 1205 2664 multis
1242 2621 1344 2684 usque

293 2699 515 2767 Staunforde²
537 2707 765 2788 pervenerunt.
813 2701 887 2783 Quo
920 2701 1061 2788 cognito,
1084 2723 1144 2766 rex
1176 2701 1344 2766 Haraldus
1355 2733 1478 2784 Bataeof

292 2805 417 2870 cunctis
448 2803 576 2870 viribus
606 2804 750 2871 collectis
780 2803 884 2870 illuc³
915 2803 1113 2870 festinanter
1143 2804 1280 2870 accessit
1309 2811 1344 2870 et
1357 2801 1483 2880 stamford

291 2905 366 2972 eos*
388 2906 531 2973 viriliter
552 2907 766 2995 expugnavit.
1357 2867 1458 2932 Brrdge.

338 3009 428 3097 Rege
459 3010 549 3076 enim
571 3010 778 3088 Noricorum,
813 3007 963 3076 Haraldo
991 3009 1134 3090 nomine,
1151 3009 1292 3090 devicto,
1308 3013 1343 3074 et

292 3111 405 3178 Tostio
441 3112 542 3178 fratre
579 3113 664 3200 regis
701 3112 832 3199 Angliae
866 3113 979 3194 occiso,
1011 3134 1086 3178 cum
1117 3112 1192 3178 aliis
1229 3112 1343 3177 multis

291 3215 484 3296 interiectis,
507 3237 568 3281 rex
583 3215 769 3302 Anglorum
792 3213 961 3280 Haraldus
984 3236 1114 3280 omnem
1136 3215 1282 3302 praedam
1304 3213 1341 3278 in
1355 3236 1517 3290 Theavariee

290 3319 437 3404 proprios
458 3339 536 3384 usus
559 3322 751 3384 convertens
773 3317 858 3382 nulli
881 3317 1054 3404 quicquam
1078 3317 1341 3382 communicavit.
1355 3304 1498 3357 ⁰fH³¹⁰¹d·

291 3420 540 3488 Commilitcncs
562 3422 614 3486 sui
647 3420 824 3508 plurimum
859 3419 1069 3506 indignantes
1099 3425 1134 3485 ct
1166 3419 1342 3485 avaritiam

291 3522 448 3610 principis
487 3523 689 3589 detestantes
720 3523 763 3588 ab
797 3521 888 3588 omni
922 3521 1009 3609 regis
1042 3521 1270 3588 familiaritate
1308 3526 1343 3588 et

290 3625 425 3692 servitio
447 3625 651 3691 unanimiter
672 3629 881 3692 recesserunt.

336 3727 410 3794 Rex
439 3728 545 3815 igitur
565 3727 752 3815 Anglorum
783 3725 951 3792 Haraldus
981 3725 1022 3792 dc
1051 3730 1150 3792 tanto
1172 3725 1342 3813 triumpho

289 3831 326 3896 in
355 3831 541 3918 superbiam
564 3829 678 3910 elatus,
710 3829 752 3894 dc
779 3849 865 3922 ‘rego
902 3825 1030 3894 factus⁶
1060 3833 1225 3915 tyrannus
1254 3828 1342 3894 iuter

289 3933 397 4020 ipsum
427 3938 463 3999 ct
492 3933 608 3998 ducem
628 3931 844 3998 Willielmum
867 3930 909 3997 de
931 3934 1028 4018 pacto
1050 3931 1261 3996 sacramentis
1284 3931 1338 3996 fir-

289 4043 378 4102 mato
404 4035 489 4101 nihil
511 4036 667 4122 cogitans.
729 4033 795 4100 Sed
825 4055 899 4100 cum
929 4032 1127 4099 Williclmus
1151 4032 1337 4099 Haraldum
1353 4077 1392 4126 wi

1395 4077 1462 4130 Ilium

287 4161 425 4228 regnum
455 4138 588 4226 Angliae
618 4143 732 4204 ΨΜ
752 4136 979 4224 juramentum
1008 4136 1215 4223 cognovisset
1244 4159 1335 4203 usur·
1348 4146 1459 4196 musto

287 4264 388 4330 rw,
419 4263 478 4330 rer
514 4240 650 4307 nuntios
687 4261 762 4306 suos
802 4239 922 4306 rentur
951 4240 992 4305 ae
1028 4236 1231 4305 vissanum
1258 4210 1453 4308 fiaerflfflll

323 4563 457 4630 'ar-mia]
477 4563 528 4628 qni.
550 4563 606 4614 add
640 4561 704 4613 RD.
871 4562 986 4629 ’[αείιω]
1005 4569 1049 4614 cal.
1066 4561 1123 4613 add.
1156 4560 1225 4615 B.D.

321 4641 507 4708 ²Slasslls‘ffdss]
521 4641 707 4693 snmffifffim
722 4640 786 4691 RD·
870 4653 1030 4720 ‘cicladum
1061 4655 1162 4706 laesione
1190 4663 1222 4708 cl.
1249 4665 1335 4721 praem.

322 4721 413 4798 filluc]
432 4737 480 4774 ona
514 4721 579 4773 B.D.
839 4735 869 4787 Β,

322 4801 331 4832 ⁴
343 4801 395 4868 cca]
414 4816 463 4852 om.
475 4801 506 4850 B.
524 4800 664 4852 interlined.
