3656 5800
456 825 521 890 802
749 839 932 892 remeunt
955 837 1206 890 metellum

868 1137 950 1202 Cer.
977 1135 1098 1202 XLVI.

298 1350 424 1402 mutor
512 1329 765 1396 Vonrrcultrws
803 1351 881 1395 vero
912 1349 1043 1396 sensum
1070 1329 1203 1416 juvenis
1238 1329 1381 1396 multum
1411 1325 1517 1394 admi-

298 1417 443 1483 V⁰ffiss²¹¹²
467 1455 543 1498 reus
558 1434 668 1500 verbis
694 1433 763 1498 suis
792 1433 874 1498 nec¹
899 1434 1001 1500 fidem
1029 1433 1192 1500 adhibuit
1238 1432 1332 1498 Infre
1355 1433 1444 1498 enim
1468 1448 1516 1495 111.

468 1535 538 1602 dice
568 1535 604 1600 in
633 1534 795 1622 quodem⁹
826 1537 911 1601 turri
952 1541 1004 1602 eet
1034 1536 1182 1602 obeeeeuu
1218 1541 1253 1602 et
1292 1535 1329 1600 in
1370 1531 1433 1600 eo'
1459 1555 1518 1621 pur

467 1660 578 1726 regem
604 1639 777 1706 Aurelium
807 1645 858 1708 est
880 1639 1090 1721 combustum
1125 1637 1228 1705 Geste
1254 1637 1429 1706 Britonum
1453 1637 1517 1702 dif-

467 1740 576 1808 fusius
599 1748 766 1808 enarrent.
1193 1769 1198 1778 ·

502 1867 630 1924 Aurelius
651 1867 814 1922 Ambrosius
832 1885 887 1933 rex,
907 1865 1059 1924 secundum
1078 1867 1197 1922 Brutum
1213 1867 1257 1936 (l),
1275 1865 1354 1922 fortis
1372 1869 1400 1922 et
1417 1865 1517 1933 sudu,

466 1953 569 2024 largus,
579 1950 691 2006 sedulus
710 1951 739 2006 iu
761 1949 860 2007 divinis
879 1951 1025 2024 obsequiis,
1038 1949 1179 2006 modestus
1202 1951 1231 2004 in
1254 1951 1369 2016 cunctis,
1387 1955 1415 2008 ct
1438 1969 1519 2023 super

467 2036 561 2094 curnis
586 2033 760 2094 menducium
780 2035 879 2102 viteus.
905 2036 984 2094 fortis
1002 2033 1077 2108 pede,
1098 2035 1194 2092 fortior
1217 2052 1296 2108 equo,
1314 2039 1343 2090 et
1366 2034 1402 2090 sd
1425 2053 1519 2106 regen-

444 2121 534 2176 -dum
563 2121 709 2176 exercitum
734 2119 841 2176 doctus.
887 2119 968 2176 Redit
992 2121 1019 2174 iu
1045 2119 1225 2185 Britcnuiem,
1243 2118 1318 2176 unde
1341 2119 1416 2192 prius
1440 2119 1519 2176 subr-

466 2209 559 2278 gerst3
587 2205 623 2260 sd
636 2223 718 2278 quern
738 2209 923 2260 conuenerunt
941 2202 1063 2276 undique
1077 2203 1211 2268 Britoues,
1229 2207 1432 2280 conversioque
1448 2205 1518 2258 clero

466 2294 607 2345 unxemnt
626 2306 690 2344 eum
714 2289 742 2342 in
754 2305 856 2358 regem,
880 2303 999 2360 moxque
1017 2287 1187 2360 persequitur
1199 2286 1403 2358 vortigernum,
1428 2305 1518 2360 quem,

467 2373 532 2446 quis
549 2379 654 2446 petrem
671 2391 756 2428 suum
775 2378 802 2428 et
820 2373 931 2426 irritem
951 2370 1111 2443 perdiderat,
1130 2371 1159 2424 in
1177 2375 1266 2426 cutm
1289 2387 1340 2426 suc
1360 2371 1519 2426 combussit.

468 2457 535 2514 Post
559 2456 613 2514 boc
646 2455 794 2512 committit
819 2455 924 2512 bellum
947 2471 1012 2510 cum
1043 2453 1216 2518 Senouthou
1247 2453 1346 2526 quibue
1370 2453 1519 2520 debellatis,

468 2540 550 2596 Eldol
570 2540 637 2595 elice
656 2538 759 2604 Eldolr,
778 2537 835 2593 dux
854 2537 1039 2602 Gloucestriae,
1052 2555 1117 2592 cum
1136 2537 1282 2610 Heugysto
1300 2537 1420 2604 dimicet,
1436 2557 1519 2612 quem

466 2629 561 2679 teneus
583 2641 630 2696 per
641 2623 731 2678 vetule
750 2621 862 2678 csssidis
881 2623 955 2678 inire
972 2622 1096 2678 concives
1113 2621 1237 2678 extruit.
1275 2621 1401 2678 Britones
1425 2627 1519 2679 temen

466 2725 524 2762 nou
536 2711 643 2762 cessent
662 2705 788 2777 Pegenos
807 2723 965 2777 expugnem
977 2705 1063 2762 donec
1082 2705 1162 2778 potiti
1186 2711 1252 2762 sunt
1268 2706 1389 2764 victoris.
1421 2707 1521 2764 Pontes

467 2791 542 2864 opud
577 2791 770 2864 Kemiugburg
801 2793 914 2848 consilio
946 2791 1057 2848 Eldsldi
1088 2793 1207 2864 episcopi
1238 2793 1415 2848 Glouoestriae
1438 2793 1521 2850 Esccl

467 2875 612 2932 decollsvit
627 2875 784 2946 Engistum.
822 2875 891 2932 Otto
910 2875 986 2934 iilius
1004 2875 1114 2949 Engirti
1131 2882 1159 2932 et
1177 2877 1266 2934 coeteri
1282 2877 1405 2934 Senones
1425 2897 1442 2934 s
1458 2897 1522 2950 rege

466 2965 565 3032 petunt
589 2959 801 3014 misericordium
824 2964 852 3014 et
875 2961 1031 3032 occipiunt;
1064 2959 1165 3033 quibus
1195 2961 1271 3016 dedit
1301 2979 1348 3018 rex
1381 2963 1521 3018 ostonem

463 3045 545 3118 juxte
566 3043 699 3108 Scocism,
724 3048 752 3100 ct
774 3041 867 3102 lodus
890 3061 955 3100 cum
979 3043 1017 3100 cis
1044 3043 1225 3100 coulirmsvit.
1262 3045 1364 3102 Voleus
1389 3063 1454 3118 ergo
1473 3065 1519 3101 rex

467 3127 599 3184 honorare
621 3127 769 3199 sepultruae
798 3129 890 3184 locum
908 3127 957 3182 ubi
975 3145 1097 3200 proceres
1122 3127 1269 3183 Britonum
1294 3127 1436 3202 Eugystus
1457 3130 1521 3184 dolo

467 3212 606 3278 occideret,
631 3212 707 3267 misit
737 3217 847 3284 propter
874 3211 1009 3267 Choresm
1042 3210 1195 3282 Gigantum
1226 3211 1255 3266 iu
1281 3211 1442 3268 Hibemiem
1473 3214 1521 3286 qui

466 3313 527 3352 esm
547 3315 595 3368 per
618 3301 704 3351 erlem
727 3294 838 3350 Mcrlini
863 3296 964 3360 obtulit,
980 3301 1008 3351 et
1031 3297 1102 3352 circs
1125 3294 1301 3367 sepulchrum
1318 3295 1454 3354 nobilium
1478 3315 1522 3352 oc·

468 3381 586 3436 cicorum
616 3379 714 3434 merit
746 3377 881 3434 Choreem
905 3378 1071 3450 predictum,
1094 3397 1156 3452 quus
1186 3397 1261 3436 nuuc
1293 3385 1408 3438 vcmbrr
1440 3379 1522 3452 Lupis

475 3463 601 3522 Pendeo·
624 3467 651 3520 et
674 3461 790 3534 Anglice
816 3461 1012 3534 Stouebenges.
1061 3462 1127 3520 Post
1159 3463 1217 3520 haeo
1241 3464 1319 3538 periit
1346 3483 1393 3522 rex
1417 3483 1522 3522 veneno

467 3547 541 3618 cpud
560 3545 750 3618 Wyntoniom,
770 3563 844 3601 suno
858 3561 964 3601 xurrrr.
982 3547 1059 3617 regui
1077 3545 1128 3602 sui.
1161 3546 1346 3622 sepultusque
1363 3553 1405 3604 est
1422 3551 1451 3604 ln
1469 3567 1522 3606 cue·

465 3631 578 3688 meterio
599 3627 674 3706 quod
691 3629 749 3704 ipse
767 3634 973 3704 praepsruvemt,
992 3629 1101 3698 scilicet,
1121 3631 1193 3690 tntu
1212 3629 1347 3688 Cbcresm
1360 3631 1522 3706 Gigantum.

299 3831 453 3884 UrherPen-
512 3820 645 3887 Mortuo
679 3820 817 3886 Aurelio
857 3826 1032 3888 coronatus
1073 3825 1124 3888 est
1155 3821 1267 3888 Uther
1304 3823 1408 3890 freter
1445 3825 1523 3911 ejus,

299 3901 405 4027 {iffi
467 3923 625 4012 Tempore
663 3929 776 3990 tamen
808 3922 938 3990 Aurelii
976 3925 1063 4012 regie
1094 3947 1154 4014 per
1183 3931 1288 3991 artem
1325 3926 1459 3992 Merlini
1481 3927 1523 3992 de

299 4031 408 4082 Britein·
468 4027 630 4092 Hibemie
668 4027 760 4092 ducti
787 4032 866 4092 eunt
901 4027 1027 4113 lapidee
1059 4027 1125 4094 illee
1156 4049 1285 4116 megnae
1313 4052 1387 4116 quse
1418 4030 1523 4095 nunc⁴

300 4097 391 4230 {225
467 4128 555 4214 epud
584 4129 616 4194 le
647 4127 839 4216 Stonhenge
870 4129 967 4196 eitee⁶
998 4135 1084 4197 eunt
1131 4130 1174 4195 In
1206 4131 1369 4197 Hibernia
1397 4139 1523 4198 vocetoe

1245 4327 1515 4336 ...mm-—

501 4447 576 4512 1πω]
595 4459 644 4497 om.
678 4447 742 4498 Bu).
1052 4449 1286 4520 ‘flammaeque
1298 4451 1374 4520 ncne]
1387 4451 1425 4502 illi
1436 4451 1524 4516 magni

497 4525 636 4593 ²qeodcn]
663 4527 791 4580 corrected
809 4527 845 4594 by
865 4527 970 4579 snotber
1021 4531 1072 4594 qui.
1107 4530 1173 4582 B.D.

468 4604 795 4670 bendiutoqoodonlnB.

501 4685 561 4752 ¹0⁰]
582 4685 713 4754 Similcrly
735 4687 862 4738 corrected
872 4685 926 4738 into
942 4704 972 4738 eo
1057 4689 1144 4756 imru]
1163 4691 1213 4741 siti.
1246 4690 1311 4742 B.D.

468 4765 537 4816 inB.
