3696 5794
479 858 543 921 124
776 871 958 924 nunooma
980 872 1229 926 nrsroamnuu.

311 1055 464 1108 orlrennd.
477 1041 620 1126 Scotum,
651 1046 836 1134 exquibus
863 1046 1104 1113 descenderunt
1135 1045 1374 1113 Hibernienses
1387 1047 1415 1126 3¹
1440 1049 1529 1114 unde

475 1145 533 1212 illo
564 1171 639 1234 rege
678 1171 736 1236 per
769 1153 903 1215 cantum
933 1153 968 1215 et
999 1147 1067 1214 Χῖ)
1111 1169 1215 1214 annos
1244 1149 1381 1216 vivente
1418 1149 1529 1216 vocati

476 1255 554 1314 sunt
584 1255 681 1317 terrae
704 1251 909 1318 habitatores
932 1250 1049 1317 Getuli
1072 1273 1093 1316 a
1115 1273 1190 1338 rege
1213 1251 1332 1318 Gatelo
1355 1249 1402 1317 sic
1423 1251 1529 1318 nomi-

475 1352 578 1418 nata³
628 1353 694 1419 Hic
734 1353 859 1420 idioma
896 1353 1031 1418 illorum
1070 1353 1252 1440 composuit
1293 1354 1382 1440 quod
1426 1375 1528 1440 neque

476 1454 573 1520 bodie
604 1455 755 1524 Gauratae
786 1455 915 1534 dicitur,
940 1455 1028 1542 quod
1054 1460 1153 1521 sonat
1173 1455 1290 1543 lingua
1319 1455 1529 1542 Anglioana⁴

476 1557 622 1624 collectio
633 1558 810 1646 plurium.
859 1559 1044 1624 Manebant
1058 1557 1147 1624 enim
1163 1558 1210 1623 ibi
1227 1580 1284 1645 per
1298 1575 1527 1624 unccaxvln.

474 1683 599 1742 annos;
621 1669 665 1741 et,
689 1666 729 1727 ut
750 1662 865 1742 fertur,
889 1683 931 1726 ex
961 1659 1046 1726 acris
1068 1660 1284 1726 rarefactione
1307 1682 1420 1726 omnes
1442 1661 1528 1727 infra

475 1769 543 1830 tres
572 1786 698 1830 menses
724 1765 866 1832 extincti
890 1767 977 1830 suut.

519 1865 667 1932 Tandem
699 1863 929 1954 Gurguncius⁶
956 1863 1066 1932 Belini
1096 1865 1183 1953 regie
1215 1865 1400 1932 Britanniae
1430 1866 1527 1946 filius,

474 1968 516 2034 da
549 1969 653 2035 Dacia
682 1992 740 2058 per
765 1969 931 2036 Orchades
956 1967 1089 2034 Insulas
1111 1967 1276 2055 navigans
1299 1968 1340 2034 de
1364 1969 1527 2056 Hispania

475 2071 663 2138 Bseclenses
701 2093 792 2138 mare
832 2072 990 2138 saeviente
1031 2075 1203 2157 quassatos
1235 2071 1432 2152 adinvenit3
1470 2072 1527 2158 qui

473 2172 581 2238 locum
626 2173 846 2244 habitationis
883 2196 904 2239 a
945 2195 1022 2260 rege
1058 2177 1210 2260 potentes
1249 2173 1293 2238 ad
1330 2172 1526 2239 Hiberniam

473 2281 554 2342 tunc
575 2299 714 2343 vacuam
729 2276 804 2342 illos
825 2276 1018 2355 transmisit,
1041 2275 1185 2364 rugosis
1208 2275 1382 2342 duotores⁰
1397 2277 1438 2342 de
1460 2277 1528 2342 suis

473 2383 659 2458 annuente3
693 2401 736 2446 ex
765 2401 831 2466 quo
857 2383 952 2466 patet
984 2376 1076 2444 illam
1108 2382 1230 2444 terram
1262 2378 1307 2444 ad
1344 2379 1528 2444 dominium

475 2480 658 2548 Britanniae
681 2482 853 2570 portinere

306 2593 449 2672 Arauros
520 2583 599 2649 Post
622 2584 722 2672 longa
752 2590 902 2672 tempora
927 2583 1021 2650 venit
1051 2583 1195 2651 Sanctus
1217 2581 1381 2649 Patricius
1412 2583 1527 2672 Sancti

305 2663 330 2712 ὃ·
343 2662 452 2712 mk·
474 2683 615 2751 Martini
638 2686 835 2754 Turonensis
862 2685 1005 2774 episcopi
1030 2686 1150 2752 sororis
1173 2685 1270 2764 filius,
1294 2691 1329 2752 et
1358 2685 1406 2752 eis
1427 2687 1528 2751 fidem

474 2787 599 2855 Christi
623 2789 763 2856 edocuit
809 2789 843 2856 A
869 2789 962 2876 cujus
991 2788 1140 2856 adventu
1172 2788 1343 2874 usquead
1373 2787 1529 2876 tempus⁷

473 2891 668 2958 Sedlundii⁸
700 2893 787 2981 regis
834 2909 964 2958 xxxna
1003 2913 1096 2980 reges
1133 2913 1192 2979 per
1228 2913 1332 2958 annos
1376 2909 1443 2958 ecc
1491 2891 1528 2958 in

473 2993 641 3061 Hibernia
663 3000 894 3084 regnaverunt
951 2995 995 3060 In
1025 2993 1123 3082 hujus
1153 2993 1351 3061 Sedlundii⁰
1381 2999 1528 3082 tempore

470 3099 719 3188 Norwagenaes,
759 3101 841 3168 duee
864 3100 1034 3188 Turgeaio,
1066 3105 1189 3166 terram
1227 3099 1319 3164 illam
1349 3120 1528 3186 occupave-

469 3209 555 3280 runt,
572 3205 669 3271 factis
684 3227 742 3292 per
763 3203 835 3270 loca
857 3203 989 3270 fossatis
1011 3201 1191 3290 profundis,
1207 3201 1341 3268 castella
1355 3201 1526 3290 simplicia,

468 3304 645 3392 duplicata,
669 3313 704 3372 et
719 3307 888 3394 triplicata
902 3328 944 3372 ex
964 3327 1069 3388 muro,
1084 3305 1192 3370 adhuc
1208 3305 1340 3392 integra
1362 3309 1526 3384 straena,

468 3415 653 3476 erexerunt
701 3409 768 3475 Sed
804 3409 947 3497 populus
982 3407 1185 3474 Hibernicue
1218 3407 1258 3472 de
1293 3406 1436 3473 castellis
1459 3427 1527 3472 non

468 3516 574 3592 curat,
599 3512 693 3578 silvis
715 3511 825 3578 utitur
848 3532 908 3600 pro
931 3511 1056 3589 castris,
1080 3509 1256 3599 paludibus
1277 3531 1337 3597 pro
1359 3510 1498 3576 fossatis

513 3613 697 3681 Britannici
721 3615 839 3681 dicunt
871 3613 1104 3682 Gunnundum
1127 3613 1167 3679 de
1189 3611 1304 3678 Africa
1328 3611 1527 3678 Hiberniam

468 3715 530 3780 sibi
552 3718 755 3804 subjugasse,
780 3722 814 3783 et
845 3717 904 3783 illa
927 3717 1052 3783 fossata
1074 3721 1109 3781 et
1135 3715 1276 3781 muralia
1297 3714 1417 3781 secisse
1464 3713 1528 3780 Hi-

468 3817 593 3885 bernici
617 3843 695 3886 vero
730 3819 815 3885 nihil
838 3821 879 3886 da
912 3841 951 3886 eo
985 3819 1145 3897 sentiunt,
1179 3818 1238 3884 sed
1267 3817 1355 3903 quod
1385 3817 1527 3906 patriam

467 3921 618 3988 vastavit
647 3928 683 3988 et
713 3921 944 4011 depopulavit,
969 3921 1106 3990 omnino
1135 3919 1203 3986 alia
1227 3919 1420 3988 attribuunt
1442 3919 1525 3984 Tur·

501 4302 508 4338 ¹
525 4305 605 4374 Origo
617 4305 830 4360 Hiberniemium.
848 4305 875 4358 in
890 4321 970 4374 marg.
991 4314 994 4361 ἱ
1016 4309 1042 4360 in
1066 4323 1145 4376 marg.
1169 4305 1201 4360 B.
1242 4309 1375 4373 Quomodo
1400 4309 1526 4362 Hibernia

467 4383 498 4438 B.
516 4387 566 4438 and
586 4387 613 4437 in
631 4387 750 4439 different
768 4387 832 4440 ink:
850 4394 876 4439 et
894 4403 972 4460 qnare
992 4380 994 4425 Ι
1015 4389 1048 4440 ad
1064 4387 1204 4440 Britaniam
1220 4389 1336 4454 pertinct.
1354 4389 1473 4456 inmmg.
1490 4391 1524 4442 D.

449 4467 824 4533 ‚diciturHiberniasupralo
837 4469 860 4520 ⁷.
1049 4467 1192 4535 Μασίστα]
1209 4471 1322 4520 duotore·
1358 4469 1424 4522 B.l).

500 4547 574 4615 Ἦ]
593 4551 617 4598 ὅ.
650 4547 682 4598 Β.
1051 4547 1222 4614 'adtempud
1236 4549 1381 4599 adrentum.
1413 4549 1446 4600 B.

500 4627 657 4694 'mairulfi
672 4626 806 4679 nominato.
839 4625 905 4678 B.D.
1050 4625 1215 4694 ’Sedlaadifl
1230 4626 1357 4680 Sedlund'a
1391 4629 1457 4679 B.D.

499 4705 673 4773 ⁴A291a0a]
688 4707 787 4758 muna.
820 4706 886 4757 nn.
1049 4697 1525 4774 'smummmuunuausuuml

499 4783 973 4853 'HyberniasubdominioBritauniae.
1017 4785 1051 4838 D.
