3674 5800
492 835 534 900 24
785 851 967 905 numnius
991 853 1238 904 nmronnnuu.

327 1043 456 1110 ofsyria„
493 1021 529 1086 in
544 1021 688 1101 desertis,
712 1030 751 1089 ut
766 1024 946 1092 Nabatlraei
968 1031 1004 1094 et
1026 1025 1201 1105 Saraeeni;
1224 1023 1379 1111 quidem¹
1397 1025 1434 1090 in
1449 1045 1541 1090 mon·

332 1959 370 2011 of

493 1125 590 1205 tanis,
615 1126 770 1211 quidam¹
803 1127 839 1192 in
861 1127 1049 1196 nemoribus
1071 1133 1106 1196 et
1140 1127 1244 1194 vestie
1266 1126 1381 1216 planis,
1406 1133 1445 1194 ut
1467 1149 1542 1192 nar-

494 1233 547 1292 rat
570 1227 768 1294 Herodotus.

909 1548 991 1618 Gur.
1015 1549 1130 1618 XXII.

889 1749 940 1816 Da
961 1747 1150 1816 Plroeaioio.

542 1951 703 2028 PHOENIX,
722 1949 882 2018 Gathini²
905 1951 1019 2030 frater,
1034 1950 1074 2015 de
1090 1949 1236 2015 Tbebis⁸
1258 1949 1492 2038 AEgyptiorum
1507 1951 1544 2016 in

331 2024 467 2078 Phorieia
498 2053 628 2139 Syriam
651 2053 822 2140 profectus,
840 2052 929 2139 apud
945 2049 1122 2118 Sidonem*
1143 2053 1304 2139 regnavit,
1321 2073 1458 2138 eamque
1472 2074 1545 2139 pro-

497 2155 638 2220 vinciam
669 2177 711 2220 ex
742 2177 801 2220 suo
824 2154 958 2220 nomine
989 2153 1194 2220 Phoenieiam
1224 2153 1414 2240 appellavit.
1468 2155 1545 2240 Ipsa

497 2261 548 2324 est
580 2256 639 2322 ubi
674 2261 725 2322 est
748 2256 865 2343 Tyrus,
888 2256 932 2322 ad
963 2277 1062 2342 quam
1086 2256 1190 2322 Isaiae
1219 2256 1374 2343 loquitur.
1432 2255 1546 2322 Habet

498 2357 634 2426 autem⁵
656 2360 699 2425 ab
723 2358 859 2424 Oriente
883 2355 1066 2423 Arabiam⁰
1087 2361 1122 2423 et
1144 2379 1165 2422 a
1191 2355 1328 2424 Meridie
1359 2357 1452 2424 Mare
1477 2357 1545 2425 Ru·

499 2461 608 2538 brum,
642 2462 686 2526 ab
726 2459 905 2528 Occidente
944 2459 1229 2541 Mediterraneum,
1258 2482 1280 2528 a
1313 2458 1547 2546 septentrione

499 2563 649 2628 Mentem
684 2561 856 2630 Libanum.
914 2562 1017 2628 Terra
1045 2562 1104 2628 illa
1132 2561 1299 2629 uberrime
1320 2562 1353 2626 in
1387 2561 1546 2648 frugibus,

497 2665 554 2732 in⁷
577 2665 749 2746 fructibus,
765 2665 802 2730 in
824 2665 916 2743 laete,
940 2665 977 2729 in
1001 2664 1080 2742 oleo,
1120 2663 1155 2732 in
1178 2663 1274 2730 mella
1295 2663 1547 2736 foeoundissima

542 2767 604 2833 Est
626 2767 713 2833 enim
737 2772 911 2834 montuosa
925 2773 960 2832 et
982 2766 1185 2854 campestris,
1199 2766 1349 2832 fontibus
1364 2764 1419 2832 et⁸
1433 2765 1546 2854 aquis⁰

497 2868 641 2960 irrigua3
663 2870 700 2936 in
722 2869 892 2938 montibus
914 2867 1050 2938 metalla
1071 2867 1194 2938 diversi
1216 2869 1345 2958 generis
1367 2868 1546 2936 fodiuntur.

899 3194 977 3264 Gir.
1003 3191 1137 3264 XXIII.

878 3381 930 3450 Da
953 3381 1154 3452 Poloeetiao.

544 3563 752 3636 Patmsrlnn
766 3591 787 3635 a
802 3569 972 3636 Philistina
986 3569 1121 3636 civitate
1138 3567 1304 3655 quondam
1319 3567 1441 3635 dieta¹⁰
1456 3571 1547 3657 eujus

500 3673 617 3738 civitas
640 3673 830 3758 metropolis
852 3673 1020 3738 Athalena
1042 3672 1229 3757 antiquitus
1259 3671 1355 3752 diota
1379 3695 1468 3739 nune
1490 3697 1546 3738 au·

500 3779 569 3841 tem
592 3774 773 3840 Philistiim
796 3772 998 3855 vocitatur,¹¹
1022 3795 1065 3840 ex
1088 3795 1154 3860 qua
1169 3777 1244 3840 tota
1257 3774 1347 3859 regio
1370 3773 1547 3842 Palaestina

499 3877 553 3942 vel
584 3876 755 3942 Philistina
787 3876 903 3964 priscis
935 3877 1139 3964 temporibus
1167 3875 1357 3958 voeabatur,
1388 3882 1428 3943 ut
1465 3877 1547 3943 dicit

501 3978 655 4058 Isidorus,
685 3978 770 4044 libro
794 3995 886 4044 xlm.
911 3979 1209 4066 Etymologiarum‚
1236 3979 1331 4066 oepit
1349 3995 1399 4044 111,
1421 3979 1463 4044 de
1479 3977 1544 4044 Vo-

499 4081 625 4147 oabulis
656 4079 823 4148 Gentium.
863 4079 1026 4148 Philisteei
1049 4086 1129 4148 sunt
1154 4081 1206 4147 illi
1228 4083 1286 4168 qui
1310 4086 1344 4148 et
1367 4081 1546 4162 Palaestini,

1009 4248 1197 4256 -—-—-,
1444 4247 1485 4254 ..-
1500 4247 1545 4254 -η-

534 4337 663 4404 ¹quidnm]
677 4337 798 4404 quedam.
832 4335 899 4388 Β.Ι).
1077 4337 1241 4405 ⁸Arubs'uoa]
1276 4339 1415 4392 Interlined
1431 4339 1458 4391 in
1475 4339 1507 4390 Α.

532 4415 671 4482 'Cadinq
691 4431 755 4468 corr.
773 4417 870 4470 cadmi.
1079 4417 1138 4484 ¹ia]
1157 4425 1189 4471 et.
1223 4419 1254 4469 Β

532 4495 657 4563 Ἥώἱε]
676 4496 792 4548 'lbebeia
826 4497 890 4548 ΒῙ).
1080 4497 1135 4562 ἐι]
1154 4497 1188 4547 in.
1222 4499 1257 4550 D.

530 4575 680 4642 ‘SidonenJ
699 4575 811 4626 Idonem.
836 4575 902 4628 ab.
945 4575 1003 4628 The
1078 4577 1183 4642 'aqam
1202 4591 1274 4642 aqua.
1308 4576 1340 4629 B.

497 4654 609 4720 snearly
620 4653 768 4706 obliterated
779 4654 806 4704 in
818 4653 852 4706 A.
1081 4655 1189 4722 '‘dr'cta]
1208 4665 1251 4709 est.
1271 4658 1329 4708 add.
1347 4657 1413 4708 RD.

532 4732 643 4800 ἀπεαπ]
662 4748 712 4786 om·
747 4733 778 4785 Β.
1081 4735 1097 4765 ¹¹
1110 4735 1242 4802 vocitatur]
1260 4745 1372 4792 voum.
1406 4737 1435 4788 Β
