<?xml version="1.0" encoding="UTF-8"?>
<!DOCTYPE html PUBLIC "-//W3C//DTD XHTML 1.0 Transitional//EN"
    "http://www.w3.org/TR/xhtml1/DTD/xhtml1-transitional.dtd">
<html xmlns="http://www.w3.org/1999/xhtml" xml:lang="en" lang="en">
 <head>
  <title>
</title>
<meta http-equiv="Content-Type" content="text/html;charset=utf-8" />
  <meta name='ocr-system' content='tesseract 3.04.00' />
  <meta name='ocr-capabilities' content='ocr_page ocr_carea ocr_par ocr_line ocrx_word'/>
</head>
<body>
  <div class='ocr_page' id='page_1' title='image "./eulogiumhistori00haydgoog_0261.png"; bbox 0 0 3696 5794; ppageno 0'>
   <div class='ocr_carea' id='block_1_1' title="bbox 639 893 1393 968">
    <p class='ocr_par' dir='ltr' id='par_1_1' title="bbox 639 893 1393 968">
     <span class='ocr_line' id='line_1_1' title="bbox 639 893 1393 968; baseline 0.009 -10"><span class='ocrx_word' id='word_1_1' title='bbox 639 909 824 960; x_wconf 81' lang='lat' dir='ltr'><strong>nunosrmr</strong></span> <span class='ocrx_word' id='word_1_2' title='bbox 846 909 1095 962; x_wconf 79' lang='lat' dir='ltr'><strong>msrounaon</strong></span> <span class='ocrx_word' id='word_1_3' title='bbox 1329 893 1393 968; x_wconf 80' lang='grc'><strong>173</strong></span> 
     </span>
    </p>
   </div>
   <div class='ocr_carea' id='block_1_2' title="bbox 299 1081 1561 2916">
    <p class='ocr_par' dir='ltr' id='par_1_2' title="bbox 299 1081 1392 1480">
     <span class='ocr_line' id='line_1_2' title="bbox 335 1081 1390 1172; baseline -0.003 -21"><span class='ocrx_word' id='word_1_4' title='bbox 335 1085 457 1151; x_wconf 82' lang='lat' dir='ltr'><strong>tuarias</strong></span> <span class='ocrx_word' id='word_1_5' title='bbox 486 1081 680 1152; x_wconf 86' lang='lat' dir='ltr'><strong>restitutum</strong></span> <span class='ocrx_word' id='word_1_6' title='bbox 713 1089 772 1152; x_wconf 90' lang='lat' dir='ltr'><strong>est.</strong></span> <span class='ocrx_word' id='word_1_7' title='bbox 834 1085 975 1153; x_wconf 76' lang='lat' dir='ltr'><strong>Eboraci</strong></span> <span class='ocrx_word' id='word_1_8' title='bbox 1007 1087 1112 1153; x_wconf 91' lang='lat' dir='ltr'><strong>honor</strong></span> <span class='ocrx_word' id='word_1_9' title='bbox 1154 1105 1259 1172; x_wconf 89' lang='lat' dir='ltr'><strong>usque</strong></span> <span class='ocrx_word' id='word_1_10' title='bbox 1290 1081 1390 1148; x_wconf 87' lang='lat' dir='ltr'><strong>hodie</strong></span> 
     </span>
     <span class='ocr_line' id='line_1_3' title="bbox 337 1186 1392 1276; baseline -0.005 -22"><span class='ocrx_word' id='word_1_11' title='bbox 337 1190 432 1254; x_wconf 81' lang='lat' dir='ltr'><strong>stetit</strong></span> <span class='ocrx_word' id='word_1_12' title='bbox 465 1187 684 1268; x_wconf 89' lang='lat' dir='ltr'><strong>inconcussus,</strong></span> <span class='ocrx_word' id='word_1_13' title='bbox 709 1189 861 1275; x_wconf 87' lang='lat' dir='ltr'><strong>quamvis</strong></span> <span class='ocrx_word' id='word_1_14' title='bbox 884 1189 1029 1254; x_wconf 86' lang='lat' dir='ltr'><strong>Albania</strong></span> <span class='ocrx_word' id='word_1_15' title='bbox 1059 1211 1212 1276; x_wconf 88' lang='lat' dir='ltr'><strong>processu</strong></span> <span class='ocrx_word' id='word_1_16' title='bbox 1234 1186 1392 1273; x_wconf 85' lang='lat' dir='ltr'><strong>temporis</strong></span> 
     </span>
     <span class='ocr_line' id='line_1_4' title="bbox 338 1285 1391 1379; baseline -0.004 -23"><span class='ocrx_word' id='word_1_17' title='bbox 338 1295 411 1356; x_wconf 91' lang='lat' dir='ltr'><strong>tum</strong></span> <span class='ocrx_word' id='word_1_18' title='bbox 434 1313 492 1379; x_wconf 89' lang='lat' dir='ltr'><strong>per</strong></span> <span class='ocrx_word' id='word_1_19' title='bbox 514 1312 666 1378; x_wconf 81' lang='lat' dir='ltr'>guerram</span> <span class='ocrx_word' id='word_1_20' title='bbox 689 1295 762 1356; x_wconf 87' lang='lat' dir='ltr'><strong>tum</strong></span> <span class='ocrx_word' id='word_1_21' title='bbox 785 1314 845 1377; x_wconf 92' lang='lat' dir='ltr'><strong>per</strong></span> <span class='ocrx_word' id='word_1_22' title='bbox 866 1291 1084 1358; x_wconf 79' lang='lat' dir='ltr'>dissensiones</span> <span class='ocrx_word' id='word_1_23' title='bbox 1115 1292 1204 1357; x_wconf 90' lang='lat' dir='ltr'><strong>inter</strong></span> <span class='ocrx_word' id='word_1_24' title='bbox 1225 1309 1327 1378; x_wconf 85' lang='lat' dir='ltr'><strong>regna</strong></span> <span class='ocrx_word' id='word_1_25' title='bbox 1348 1285 1391 1353; x_wconf 91' lang='lat' dir='ltr'><strong>ab</strong></span> 
     </span>
     <span class='ocr_line' id='line_1_5' title="bbox 299 1393 887 1480; baseline 0.002 -22"><span class='ocrx_word' id='word_1_26' title='bbox 299 1465 303 1472; x_wconf 54' lang='grc'><strong>,</strong></span> <span class='ocrx_word' id='word_1_27' title='bbox 339 1393 409 1480; x_wconf 90' lang='lat' dir='ltr'><strong>ejus</strong></span> <span class='ocrx_word' id='word_1_28' title='bbox 432 1393 632 1478; x_wconf 88' lang='lat' dir='ltr'><strong>subjectione</strong></span> <span class='ocrx_word' id='word_1_29' title='bbox 654 1414 688 1458; x_wconf 87' lang='lat' dir='ltr'><strong>se</strong></span> <span class='ocrx_word' id='word_1_30' title='bbox 710 1393 887 1460; x_wconf 70' lang='lat' dir='ltr'><strong>subtraxit.</strong></span> 
     </span>
    </p>

    <p class='ocr_par' dir='ltr' id='par_1_3' title="bbox 337 1494 1561 2916">
     <span class='ocr_line' id='line_1_6' title="bbox 380 1494 1524 1583; baseline 0.003 -23"><span class='ocrx_word' id='word_1_31' title='bbox 380 1495 436 1560; x_wconf 89' lang='lat' dir='ltr'><strong>Ab</strong></span> <span class='ocrx_word' id='word_1_32' title='bbox 466 1495 561 1561; x_wconf 82' lang='lat' dir='ltr'><strong>Urbe</strong></span> <span class='ocrx_word' id='word_1_33' title='bbox 592 1494 774 1582; x_wconf 83' lang='lat' dir='ltr'><strong>Legionum</strong></span> <span class='ocrx_word' id='word_1_34' title='bbox 803 1518 908 1583; x_wconf 88' lang='lat' dir='ltr'><strong>usque</strong></span> <span class='ocrx_word' id='word_1_35' title='bbox 938 1497 982 1563; x_wconf 90' lang='lat' dir='ltr'><strong>ad</strong></span> <span class='ocrx_word' id='word_1_36' title='bbox 1013 1496 1201 1564; x_wconf 88' lang='lat' dir='ltr'><strong>Meneviam</strong></span> <span class='ocrx_word' id='word_1_37' title='bbox 1235 1517 1309 1582; x_wconf 87' lang='lat' dir='ltr'><strong>quse</strong></span> <span class='ocrx_word' id='word_1_38' title='bbox 1341 1497 1394 1558; x_wconf 89' lang='lat' dir='ltr'><strong>est</strong></span> <span class='ocrx_word' id='word_1_39' title='bbox 1406 1509 1463 1562; x_wconf 74' lang='lat' dir='ltr'><strong>Tne</strong></span> <span class='ocrx_word' id='word_1_40' title='bbox 1472 1527 1524 1564; x_wconf 66' lang='lat' dir='ltr'><strong>mc</strong></span> 
     </span>
     <span class='ocr_line' id='line_1_7' title="bbox 337 1579 1540 1696; baseline -0.002 -33"><span class='ocrx_word' id='word_1_41' title='bbox 337 1598 381 1663; x_wconf 88' lang='lat' dir='ltr'><strong>ad</strong></span> <span class='ocrx_word' id='word_1_42' title='bbox 405 1597 617 1664; x_wconf 72' lang='lat' dir='ltr'>Occidentem</span> <span class='ocrx_word' id='word_1_43' title='bbox 647 1599 819 1677; x_wconf 82' lang='lat' dir='ltr'><strong>Demetiae,</strong></span> <span class='ocrx_word' id='word_1_44' title='bbox 851 1621 949 1687; x_wconf 87' lang='lat' dir='ltr'><strong>supra</strong></span> <span class='ocrx_word' id='word_1_45' title='bbox 980 1600 1072 1665; x_wconf 87' lang='lat' dir='ltr'><strong>Mare</strong></span> <span class='ocrx_word' id='word_1_46' title='bbox 1115 1597 1287 1664; x_wconf 84' lang='lat' dir='ltr'><strong>Hiberniae</strong></span> <span class='ocrx_word' id='word_1_47' title='bbox 1318 1597 1391 1674; x_wconf 86' lang='lat' dir='ltr'><strong>sita,</strong></span> <span class='ocrx_word' id='word_1_48' title='bbox 1404 1579 1540 1696; x_wconf 41' lang='grc' dir='ltr'><strong>ἓξὲξ</strong></span> 
     </span>
     <span class='ocr_line' id='line_1_8' title="bbox 338 1697 1561 1789; baseline -0.002 -23"><span class='ocrx_word' id='word_1_49' title='bbox 338 1701 499 1766; x_wconf 86' lang='lat' dir='ltr'><strong>translata</strong></span> <span class='ocrx_word' id='word_1_50' title='bbox 514 1706 564 1767; x_wconf 90' lang='lat' dir='ltr'><strong>est</strong></span> <span class='ocrx_word' id='word_1_51' title='bbox 578 1701 670 1767; x_wconf 90' lang='lat' dir='ltr'><strong>sedes</strong></span> <span class='ocrx_word' id='word_1_52' title='bbox 684 1701 947 1789; x_wconf 86' lang='lat' dir='ltr'><strong>metropolitana,</strong></span> <span class='ocrx_word' id='word_1_53' title='bbox 971 1707 1119 1789; x_wconf 87' lang='lat' dir='ltr'><strong>tempora</strong></span> <span class='ocrx_word' id='word_1_54' title='bbox 1142 1701 1256 1768; x_wconf 86' lang='lat' dir='ltr'><strong>Sancti</strong></span> <span class='ocrx_word' id='word_1_55' title='bbox 1280 1697 1393 1764; x_wconf 87' lang='lat' dir='ltr'><strong>David</strong></span> <span class='ocrx_word' id='word_1_56' title='bbox 1405 1711 1487 1762; x_wconf 75' lang='lat' dir='ltr'><strong>sarred</strong></span> <span class='ocrx_word' id='word_1_57' title='bbox 1495 1713 1561 1764; x_wconf 76' lang='lat' dir='ltr'><strong>nom</strong></span> 
     </span>
     <span class='ocr_line' id='line_1_9' title="bbox 339 1779 1560 1898; baseline -0.005 -28"><span class='ocrx_word' id='word_1_58' title='bbox 339 1803 581 1890; x_wconf 84' lang='lat' dir='ltr'><strong>archiepiscopi,</strong></span> <span class='ocrx_word' id='word_1_59' title='bbox 596 1825 655 1891; x_wconf 91' lang='lat' dir='ltr'><strong>per</strong></span> <span class='ocrx_word' id='word_1_60' title='bbox 676 1825 786 1890; x_wconf 86' lang='lat' dir='ltr'><strong>regem</strong></span> <span class='ocrx_word' id='word_1_61' title='bbox 809 1804 1016 1885; x_wconf 80' lang='lat' dir='ltr'><strong>Arthmum3</strong></span> <span class='ocrx_word' id='word_1_62' title='bbox 1040 1806 1099 1870; x_wconf 92' lang='lat' dir='ltr'><strong>ubi</strong></span> <span class='ocrx_word' id='word_1_63' title='bbox 1122 1809 1288 1872; x_wconf 87' lang='lat' dir='ltr'><strong>steterunt</strong></span> <span class='ocrx_word' id='word_1_64' title='bbox 1315 1779 1560 1898; x_wconf 47' lang='lat' dir='ltr'><strong>rurrffffflssa‘ssfgssin</strong></span> 
     </span>
     <span class='ocr_line' id='line_1_10' title="bbox 341 1905 1511 1993; baseline 0.003 -21"><span class='ocrx_word' id='word_1_65' title='bbox 341 1906 575 1993; x_wconf 87' lang='lat' dir='ltr'><strong>archiepiscopi</strong></span> <span class='ocrx_word' id='word_1_66' title='bbox 606 1928 709 1993; x_wconf 89' lang='lat' dir='ltr'><strong>usque</strong></span> <span class='ocrx_word' id='word_1_67' title='bbox 733 1905 955 1993; x_wconf 82' lang='lat' dir='ltr'><strong>Sampsonem.</strong></span> <span class='ocrx_word' id='word_1_68' title='bbox 1003 1908 1070 1974; x_wconf 87' lang='lat' dir='ltr'><strong>Hic</strong></span> <span class='ocrx_word' id='word_1_69' title='bbox 1093 1907 1193 1974; x_wconf 90' lang='lat' dir='ltr'><strong>etiam</strong></span> <span class='ocrx_word' id='word_1_70' title='bbox 1216 1907 1392 1993; x_wconf 86' lang='lat' dir='ltr'><strong>ingruente</strong></span> <span class='ocrx_word' id='word_1_71' title='bbox 1404 1912 1511 1978; x_wconf 76' lang='lat' dir='ltr'><strong>tyring</strong></span> 
     </span>
     <span class='ocr_line' id='line_1_11' title="bbox 339 1979 1509 2096; baseline -0.002 -22"><span class='ocrx_word' id='word_1_72' title='bbox 339 2009 427 2074; x_wconf 87' lang='lat' dir='ltr'><strong>flava</strong></span> <span class='ocrx_word' id='word_1_73' title='bbox 465 2013 557 2095; x_wconf 80' lang='lat' dir='ltr'><strong>peste</strong></span> <span class='ocrx_word' id='word_1_74' title='bbox 594 2029 653 2096; x_wconf 92' lang='lat' dir='ltr'><strong>per</strong></span> <span class='ocrx_word' id='word_1_75' title='bbox 690 2009 878 2076; x_wconf 85' lang='lat' dir='ltr'><strong>Oambriam</strong></span> <span class='ocrx_word' id='word_1_76' title='bbox 916 2031 1014 2095; x_wconf 91' lang='lat' dir='ltr'><strong>quam</strong></span> <span class='ocrx_word' id='word_1_77' title='bbox 1053 2009 1233 2076; x_wconf 87' lang='lat' dir='ltr'><strong>ictericiam</strong></span> <span class='ocrx_word' id='word_1_78' title='bbox 1263 2011 1391 2086; x_wconf 89' lang='lat' dir='ltr'><strong>vocant,</strong></span> <span class='ocrx_word' id='word_1_79' title='bbox 1405 1979 1509 2032; x_wconf 70' lang='lat' dir='ltr'><strong>Ashur.</strong></span> 
     </span>
     <span class='ocr_line' id='line_1_12' title="bbox 340 2109 1393 2198; baseline -0.001 -22"><span class='ocrx_word' id='word_1_80' title='bbox 340 2115 471 2198; x_wconf 88' lang='lat' dir='ltr'><strong>sumpto</strong></span> <span class='ocrx_word' id='word_1_81' title='bbox 494 2132 603 2176; x_wconf 88' lang='lat' dir='ltr'><strong>secum</strong></span> <span class='ocrx_word' id='word_1_82' title='bbox 633 2111 733 2198; x_wconf 78' lang='lat' dir='ltr'><strong>pallio</strong></span> <span class='ocrx_word' id='word_1_83' title='bbox 755 2111 961 2178; x_wconf 86' lang='lat' dir='ltr'><strong>Armorioam</strong></span> <span class='ocrx_word' id='word_1_84' title='bbox 999 2113 1207 2179; x_wconf 69' lang='lat' dir='ltr'><strong>Britanniam</strong></span> <span class='ocrx_word' id='word_1_85' title='bbox 1239 2109 1334 2188; x_wconf 88' lang='lat' dir='ltr'><strong>adiit,</strong></span> <span class='ocrx_word' id='word_1_86' title='bbox 1358 2113 1393 2176; x_wconf 87' lang='lat' dir='ltr'><strong>et</strong></span> 
     </span>
     <span class='ocr_line' id='line_1_13' title="bbox 341 2214 1394 2302; baseline -0.003 -21"><span class='ocrx_word' id='word_1_87' title='bbox 341 2214 412 2281; x_wconf 87' lang='lat' dir='ltr'><strong>sedi</strong></span> <span class='ocrx_word' id='word_1_88' title='bbox 430 2214 566 2280; x_wconf 88' lang='lat' dir='ltr'><strong>Dolensi</strong></span> <span class='ocrx_word' id='word_1_89' title='bbox 588 2215 765 2301; x_wconf 81' lang='lat' dir='ltr'><strong>praesedit;</strong></span> <span class='ocrx_word' id='word_1_90' title='bbox 787 2237 808 2280; x_wconf 89' lang='lat' dir='ltr'><strong>a</strong></span> <span class='ocrx_word' id='word_1_91' title='bbox 830 2235 896 2300; x_wconf 92' lang='lat' dir='ltr'><strong>quo</strong></span> <span class='ocrx_word' id='word_1_92' title='bbox 917 2221 1064 2302; x_wconf 89' lang='lat' dir='ltr'><strong>tempore</strong></span> <span class='ocrx_word' id='word_1_93' title='bbox 1082 2237 1185 2302; x_wconf 86' lang='lat' dir='ltr'><strong>usque</strong></span> <span class='ocrx_word' id='word_1_94' title='bbox 1205 2215 1249 2280; x_wconf 90' lang='lat' dir='ltr'><strong>ad</strong></span> <span class='ocrx_word' id='word_1_95' title='bbox 1262 2220 1394 2300; x_wconf 90' lang='lat' dir='ltr'><strong>tempus</strong></span> 
     </span>
     <span class='ocr_line' id='line_1_14' title="bbox 341 2315 1394 2404; baseline 0 -22"><span class='ocrx_word' id='word_1_96' title='bbox 341 2317 479 2383; x_wconf 88' lang='lat' dir='ltr'><strong>Henrici</strong></span> <span class='ocrx_word' id='word_1_97' title='bbox 502 2315 615 2397; x_wconf 89' lang='lat' dir='ltr'><strong>Primi,</strong></span> <span class='ocrx_word' id='word_1_98' title='bbox 631 2317 718 2404; x_wconf 81' lang='lat' dir='ltr'><strong>regis</strong></span> <span class='ocrx_word' id='word_1_99' title='bbox 732 2315 929 2404; x_wconf 82' lang='lat' dir='ltr'><strong>Anglorum,</strong></span> <span class='ocrx_word' id='word_1_100' title='bbox 945 2319 1103 2385; x_wconf 86' lang='lat' dir='ltr'><strong>sederunt</strong></span> <span class='ocrx_word' id='word_1_101' title='bbox 1125 2317 1296 2398; x_wconf 87' lang='lat' dir='ltr'><strong>Meneviaa,</strong></span> <span class='ocrx_word' id='word_1_102' title='bbox 1319 2337 1394 2402; x_wconf 84' lang='lat' dir='ltr'><strong>quae</strong></span> 
     </span>
     <span class='ocr_line' id='line_1_15' title="bbox 340 2417 1395 2508; baseline -0.002 -23"><span class='ocrx_word' id='word_1_103' title='bbox 340 2442 428 2485; x_wconf 90' lang='lat' dir='ltr'><strong>nunc</strong></span> <span class='ocrx_word' id='word_1_104' title='bbox 451 2418 582 2484; x_wconf 88' lang='lat' dir='ltr'><strong>David¹</strong></span> <span class='ocrx_word' id='word_1_105' title='bbox 601 2417 731 2500; x_wconf 89' lang='lat' dir='ltr'><strong>dicitur,</strong></span> <span class='ocrx_word' id='word_1_106' title='bbox 749 2436 824 2484; x_wconf 79' lang='lat' dir='ltr'><strong>xxr.</strong></span> <span class='ocrx_word' id='word_1_107' title='bbox 849 2420 992 2508; x_wconf 82' lang='lat' dir='ltr'><strong>episcopi</strong></span> <span class='ocrx_word' id='word_1_108' title='bbox 1015 2421 1116 2508; x_wconf 88' lang='lat' dir='ltr'><strong>pallio</strong></span> <span class='ocrx_word' id='word_1_109' title='bbox 1131 2423 1285 2496; x_wconf 87' lang='lat' dir='ltr'><strong>carentes,</strong></span> <span class='ocrx_word' id='word_1_110' title='bbox 1309 2417 1395 2484; x_wconf 83' lang='lat' dir='ltr'><strong>forte</strong></span> 
     </span>
     <span class='ocr_line' id='line_1_16' title="bbox 341 2521 1396 2610; baseline -0.003 -23"><span class='ocrx_word' id='word_1_111' title='bbox 341 2521 544 2610; x_wconf 79' lang='lat' dir='ltr'><strong>paupertatis</strong></span> <span class='ocrx_word' id='word_1_112' title='bbox 567 2543 673 2602; x_wconf 87' lang='lat' dir='ltr'><strong>causa,</strong></span> <span class='ocrx_word' id='word_1_113' title='bbox 707 2544 781 2588; x_wconf 91' lang='lat' dir='ltr'><strong>cum</strong></span> <span class='ocrx_word' id='word_1_114' title='bbox 815 2527 928 2589; x_wconf 87' lang='lat' dir='ltr'><strong>tamen</strong></span> <span class='ocrx_word' id='word_1_115' title='bbox 959 2545 1063 2610; x_wconf 86' lang='lat' dir='ltr'><strong>usque</strong></span> <span class='ocrx_word' id='word_1_116' title='bbox 1097 2523 1140 2589; x_wconf 87' lang='lat' dir='ltr'><strong>ad</strong></span> <span class='ocrx_word' id='word_1_117' title='bbox 1172 2523 1234 2588; x_wconf 88' lang='lat' dir='ltr'><strong>boc</strong></span> <span class='ocrx_word' id='word_1_118' title='bbox 1264 2526 1396 2608; x_wconf 89' lang='lat' dir='ltr'><strong>tempus</strong></span> 
     </span>
     <span class='ocr_line' id='line_1_17' title="bbox 341 2623 1395 2714; baseline -0.003 -23"><span class='ocrx_word' id='word_1_119' title='bbox 341 2625 483 2712; x_wconf 80' lang='lat' dir='ltr'><strong>episcopi</strong></span> <span class='ocrx_word' id='word_1_120' title='bbox 506 2623 670 2691; x_wconf 80' lang='lat' dir='ltr'><strong>Meneviae</strong></span> <span class='ocrx_word' id='word_1_121' title='bbox 692 2647 713 2689; x_wconf 90' lang='lat' dir='ltr'><strong>a</strong></span> <span class='ocrx_word' id='word_1_122' title='bbox 734 2625 803 2691; x_wconf 90' lang='lat' dir='ltr'><strong>suis</strong></span> <span class='ocrx_word' id='word_1_123' title='bbox 829 2625 1045 2714; x_wconf 85' lang='lat' dir='ltr'><strong>suffraganeis</strong></span> <span class='ocrx_word' id='word_1_124' title='bbox 1078 2625 1301 2692; x_wconf 90' lang='lat' dir='ltr'><strong>Wallensibus</strong></span> <span class='ocrx_word' id='word_1_125' title='bbox 1332 2624 1395 2688; x_wconf 92' lang='lat' dir='ltr'><strong>ibi-</strong></span> 
     </span>
     <span class='ocr_line' id='line_1_18' title="bbox 343 2725 1397 2818; baseline -0.003 -24"><span class='ocrx_word' id='word_1_126' title='bbox 343 2729 417 2794; x_wconf 90' lang='lat' dir='ltr'><strong>dem</strong></span> <span class='ocrx_word' id='word_1_127' title='bbox 440 2727 573 2793; x_wconf 85' lang='lat' dir='ltr'><strong>iuerunt</strong></span> <span class='ocrx_word' id='word_1_128' title='bbox 606 2728 794 2810; x_wconf 85' lang='lat' dir='ltr'><strong>consecrati,</strong></span> <span class='ocrx_word' id='word_1_129' title='bbox 825 2730 917 2794; x_wconf 90' lang='lat' dir='ltr'><strong>nulla</strong></span> <span class='ocrx_word' id='word_1_130' title='bbox 947 2730 1081 2818; x_wconf 89' lang='lat' dir='ltr'><strong>penitus</strong></span> <span class='ocrx_word' id='word_1_131' title='bbox 1112 2728 1310 2817; x_wconf 86' lang='lat' dir='ltr'><strong>professione</strong></span> <span class='ocrx_word' id='word_1_132' title='bbox 1340 2725 1397 2792; x_wconf 89' lang='lat' dir='ltr'><strong>vel</strong></span> 
     </span>
     <span class='ocr_line' id='line_1_19' title="bbox 342 2829 1521 2916; baseline -0.003 -19"><span class='ocrx_word' id='word_1_133' title='bbox 342 2830 542 2916; x_wconf 87' lang='lat' dir='ltr'><strong>subjectione</strong></span> <span class='ocrx_word' id='word_1_134' title='bbox 572 2829 660 2896; x_wconf 81' lang='lat' dir='ltr'><strong>facta</strong></span> <span class='ocrx_word' id='word_1_135' title='bbox 690 2829 787 2896; x_wconf 87' lang='lat' dir='ltr'><strong>alteri</strong></span> <span class='ocrx_word' id='word_1_136' title='bbox 825 2831 973 2900; x_wconf 78' lang='lat' dir='ltr'><strong>ecclesiae.</strong></span> <span class='ocrx_word' id='word_1_137' title='bbox 1031 2831 1153 2899; x_wconf 76' lang='lat' dir='ltr'><strong>Gestari</strong></span> <span class='ocrx_word' id='word_1_138' title='bbox 1187 2829 1396 2897; x_wconf 82' lang='lat' dir='ltr'><strong>succedentes</strong></span> <span class='ocrx_word' id='word_1_139' title='bbox 1410 2851 1521 2903; x_wconf 68' lang='lat' dir='ltr'><strong>merea</strong></span> 
     </span>
    </p>
   </div>
   <div class='ocr_carea' id='block_1_3' title="bbox 343 2919 1535 3227">
    <p class='ocr_par' dir='ltr' id='par_1_4' title="bbox 343 2919 1535 3227">
     <span class='ocr_line' id='line_1_20' title="bbox 343 2919 1517 3036; baseline -0.002 -38"><span class='ocrx_word' id='word_1_140' title='bbox 343 2931 494 3020; x_wconf 86' lang='lat' dir='ltr'><strong>episcopi,</strong></span> <span class='ocrx_word' id='word_1_141' title='bbox 525 2933 616 3019; x_wconf 84' lang='lat' dir='ltr'><strong>regio</strong></span> <span class='ocrx_word' id='word_1_142' title='bbox 645 2937 785 3020; x_wconf 82' lang='lat' dir='ltr'><strong>urgente</strong></span> <span class='ocrx_word' id='word_1_143' title='bbox 815 2934 985 3012; x_wconf 90' lang='lat' dir='ltr'><strong>mandato,</strong></span> <span class='ocrx_word' id='word_1_144' title='bbox 1017 2932 1207 3001; x_wconf 83' lang='lat' dir='ltr'><strong>Oantuariae</strong></span> <span class='ocrx_word' id='word_1_145' title='bbox 1233 2945 1397 2998; x_wconf 83' lang='lat' dir='ltr'><strong>consecra·</strong></span> <span class='ocrx_word' id='word_1_146' title='bbox 1410 2919 1517 3036; x_wconf 55' lang='lat' dir='ltr'><strong>fflifffi</strong></span> 
     </span>
     <span class='ocr_line' id='line_1_21' title="bbox 343 3033 1535 3124; baseline 0.002 -24"><span class='ocrx_word' id='word_1_147' title='bbox 343 3037 468 3100; x_wconf 90' lang='lat' dir='ltr'><strong>tionem</strong></span> <span class='ocrx_word' id='word_1_148' title='bbox 491 3034 683 3120; x_wconf 88' lang='lat' dir='ltr'><strong>suscipiunt</strong></span> <span class='ocrx_word' id='word_1_149' title='bbox 732 3033 775 3100; x_wconf 94' lang='lat' dir='ltr'><strong>In</strong></span> <span class='ocrx_word' id='word_1_150' title='bbox 804 3036 897 3122; x_wconf 88' lang='lat' dir='ltr'><strong>cujus</strong></span> <span class='ocrx_word' id='word_1_151' title='bbox 925 3037 1139 3124; x_wconf 88' lang='lat' dir='ltr'><strong>subjectionis</strong></span> <span class='ocrx_word' id='word_1_152' title='bbox 1170 3036 1301 3123; x_wconf 85' lang='lat' dir='ltr'><strong>signum</strong></span> <span class='ocrx_word' id='word_1_153' title='bbox 1333 3035 1397 3101; x_wconf 94' lang='lat' dir='ltr'><strong>Bo·</strong></span> <span class='ocrx_word' id='word_1_154' title='bbox 1409 3052 1535 3117; x_wconf 78' lang='lat' dir='ltr'><strong>episcopal</strong></span> 
     </span>
     <span class='ocr_line' id='line_1_22' title="bbox 343 3135 1494 3227; baseline -0.002 -25"><span class='ocrx_word' id='word_1_155' title='bbox 343 3137 489 3203; x_wconf 82' lang='lat' dir='ltr'><strong>neiaoius</strong></span> <span class='ocrx_word' id='word_1_156' title='bbox 505 3136 695 3203; x_wconf 68' lang='lat' dir='ltr'><strong>cantuariae</strong></span> <span class='ocrx_word' id='word_1_157' title='bbox 717 3137 986 3226; x_wconf 87' lang='lat' dir='ltr'><strong>archiepiscopus,</strong></span> <span class='ocrx_word' id='word_1_158' title='bbox 1012 3144 1158 3227; x_wconf 85' lang='lat' dir='ltr'><strong>tempore</strong></span> <span class='ocrx_word' id='word_1_159' title='bbox 1183 3137 1321 3203; x_wconf 89' lang='lat' dir='ltr'><strong>Henrici</strong></span> <span class='ocrx_word' id='word_1_160' title='bbox 1337 3135 1384 3200; x_wconf 91' lang='lat' dir='ltr'><strong>II.</strong></span> <span class='ocrx_word' id='word_1_161' title='bbox 1410 3135 1494 3183; x_wconf 74' lang='lat' dir='ltr'><strong>power</strong></span> 
     </span>
    </p>
   </div>
   <div class='ocr_carea' id='block_1_4' title="bbox 344 3185 1556 3328">
    <p class='ocr_par' dir='ltr' id='par_1_5' title="bbox 344 3185 1556 3328">
     <span class='ocr_line' id='line_1_23' title="bbox 1387 3185 1464 3214; baseline 0 -17"><span class='ocrx_word' id='word_1_162' title='bbox 1387 3189 1395 3214; x_wconf 93' lang='lat'><strong>,</strong></span> <span class='ocrx_word' id='word_1_163' title='bbox 1458 3185 1464 3197; x_wconf 94' lang='lat'>.</span> 
     </span>
     <span class='ocr_line' id='line_1_24' title="bbox 344 3186 1556 3328; baseline -0.002 -24"><span class='ocrx_word' id='word_1_164' title='bbox 344 3241 380 3304; x_wconf 92' lang='lat' dir='ltr'><strong>in</strong></span> <span class='ocrx_word' id='word_1_165' title='bbox 407 3239 548 3304; x_wconf 87' lang='lat' dir='ltr'><strong>ecclesiis</strong></span> <span class='ocrx_word' id='word_1_166' title='bbox 583 3238 826 3305; x_wconf 88' lang='lat' dir='ltr'><strong>cathedralibus</strong></span> <span class='ocrx_word' id='word_1_167' title='bbox 857 3239 1054 3306; x_wconf 72' lang='lat' dir='ltr'><strong>Kambriae⁹</strong></span> <span class='ocrx_word' id='word_1_168' title='bbox 1091 3241 1216 3328; x_wconf 88' lang='lat' dir='ltr'><strong>primus</strong></span> <span class='ocrx_word' id='word_1_169' title='bbox 1249 3239 1396 3304; x_wconf 90' lang='lat' dir='ltr'><strong>omnium</strong></span> <span class='ocrx_word' id='word_1_170' title='bbox 1409 3186 1556 3316; x_wconf 51' lang='lat' dir='ltr'><strong>diffidis</strong></span> 
     </span>
    </p>
   </div>
   <div class='ocr_carea' id='block_1_5' title="bbox 345 3319 1561 3837">
    <p class='ocr_par' dir='ltr' id='par_1_6' title="bbox 345 3319 1561 3632">
     <span class='ocr_line' id='line_1_25' title="bbox 346 3319 1561 3430; baseline -0.002 -21"><span class='ocrx_word' id='word_1_171' title='bbox 346 3340 635 3409; x_wconf 84' lang='lat' dir='ltr'><strong>Cantuariensium</strong></span> <span class='ocrx_word' id='word_1_172' title='bbox 673 3340 989 3430; x_wconf 86' lang='lat' dir='ltr'><strong>archiepiscoporum</strong></span> <span class='ocrx_word' id='word_1_173' title='bbox 1035 3342 1170 3408; x_wconf 87' lang='lat' dir='ltr'><strong>missam</strong></span> <span class='ocrx_word' id='word_1_174' title='bbox 1208 3319 1561 3406; x_wconf 65' lang='lat' dir='ltr'><strong>solemniter⁰f¹³²m“⁶·</strong></span> 
     </span>
     <span class='ocr_line' id='line_1_26' title="bbox 345 3441 1397 3532; baseline -0.004 -22"><span class='ocrx_word' id='word_1_175' title='bbox 345 3443 531 3510; x_wconf 79' lang='lat' dir='ltr'><strong>celebravit.</strong></span> <span class='ocrx_word' id='word_1_176' title='bbox 577 3441 633 3508; x_wconf 86' lang='lat' dir='ltr'><strong>Ita</strong></span> <span class='ocrx_word' id='word_1_177' title='bbox 655 3443 743 3528; x_wconf 91' lang='lat' dir='ltr'><strong>quod</strong></span> <span class='ocrx_word' id='word_1_178' title='bbox 763 3443 861 3510; x_wconf 90' lang='lat' dir='ltr'><strong>hodie</strong></span> <span class='ocrx_word' id='word_1_179' title='bbox 883 3443 920 3508; x_wconf 92' lang='lat' dir='ltr'><strong>in</strong></span> <span class='ocrx_word' id='word_1_180' title='bbox 942 3449 1016 3510; x_wconf 86' lang='lat' dir='ltr'><strong>tota</strong></span> <span class='ocrx_word' id='word_1_181' title='bbox 1037 3443 1161 3532; x_wconf 77' lang='lat' dir='ltr'><strong>Anglia</strong></span> <span class='ocrx_word' id='word_1_182' title='bbox 1183 3443 1249 3509; x_wconf 92' lang='lat' dir='ltr'><strong>duo</strong></span> <span class='ocrx_word' id='word_1_183' title='bbox 1263 3446 1397 3508; x_wconf 90' lang='lat' dir='ltr'><strong>tantum</strong></span> 
     </span>
     <span class='ocr_line' id='line_1_27' title="bbox 345 3545 1217 3632; baseline -0.005 -18"><span class='ocrx_word' id='word_1_184' title='bbox 345 3551 424 3614; x_wconf 90' lang='lat' dir='ltr'><strong>sunt</strong></span> <span class='ocrx_word' id='word_1_185' title='bbox 446 3545 612 3632; x_wconf 82' lang='lat' dir='ltr'><strong>primates,</strong></span> <span class='ocrx_word' id='word_1_186' title='bbox 636 3545 769 3624; x_wconf 74' lang='lat' dir='ltr'><strong>scilicet,</strong></span> <span class='ocrx_word' id='word_1_187' title='bbox 795 3545 986 3613; x_wconf 80' lang='lat' dir='ltr'><strong>Oontuarias</strong></span> <span class='ocrx_word' id='word_1_188' title='bbox 1009 3551 1045 3613; x_wconf 92' lang='lat' dir='ltr'><strong>et</strong></span> <span class='ocrx_word' id='word_1_189' title='bbox 1066 3545 1217 3612; x_wconf 88' lang='lat' dir='ltr'><strong>Eboraci.</strong></span> 
     </span>
    </p>

    <p class='ocr_par' dir='ltr' id='par_1_7' title="bbox 346 3646 1536 3837">
     <span class='ocr_line' id='line_1_28' title="bbox 391 3646 1533 3738; baseline -0.003 -23"><span class='ocrx_word' id='word_1_190' title='bbox 391 3647 579 3715; x_wconf 81' lang='lat' dir='ltr'><strong>Cantuariae</strong></span> <span class='ocrx_word' id='word_1_191' title='bbox 601 3663 678 3712; x_wconf 80' lang='lat' dir='ltr'><strong>xm.</strong></span> <span class='ocrx_word' id='word_1_192' title='bbox 702 3647 737 3712; x_wconf 89' lang='lat' dir='ltr'><strong>in</strong></span> <span class='ocrx_word' id='word_1_193' title='bbox 760 3647 884 3735; x_wconf 80' lang='lat' dir='ltr'><strong>Anglia</strong></span> <span class='ocrx_word' id='word_1_194' title='bbox 906 3653 941 3714; x_wconf 85' lang='lat' dir='ltr'><strong>et</strong></span> <span class='ocrx_word' id='word_1_195' title='bbox 963 3665 1031 3714; x_wconf 91' lang='lat'>1111.</span> <span class='ocrx_word' id='word_1_196' title='bbox 1054 3649 1090 3713; x_wconf 92' lang='lat' dir='ltr'><strong>in</strong></span> <span class='ocrx_word' id='word_1_197' title='bbox 1112 3647 1236 3714; x_wconf 82' lang='lat' dir='ltr'><strong>wallia</strong></span> <span class='ocrx_word' id='word_1_198' title='bbox 1258 3646 1397 3733; x_wconf 88' lang='lat' dir='ltr'><strong>subjecti</strong></span> <span class='ocrx_word' id='word_1_199' title='bbox 1410 3672 1533 3738; x_wconf 70' lang='lat' dir='ltr'><strong>Thepro</strong></span> 
     </span>
     <span class='ocr_line' id='line_1_29' title="bbox 346 3740 1536 3837; baseline -0.003 -20"><span class='ocrx_word' id='word_1_200' title='bbox 346 3756 424 3818; x_wconf 89' lang='lat' dir='ltr'><strong>sunt</strong></span> <span class='ocrx_word' id='word_1_201' title='bbox 447 3750 598 3837; x_wconf 89' lang='lat' dir='ltr'><strong>episcopi.</strong></span> <span class='ocrx_word' id='word_1_202' title='bbox 646 3749 794 3816; x_wconf 89' lang='lat' dir='ltr'><strong>Eboraco</strong></span> <span class='ocrx_word' id='word_1_203' title='bbox 817 3751 881 3817; x_wconf 92' lang='lat' dir='ltr'><strong>duo</strong></span> <span class='ocrx_word' id='word_1_204' title='bbox 904 3747 1046 3833; x_wconf 81' lang='lat' dir='ltr'><strong>tantum,</strong></span> <span class='ocrx_word' id='word_1_205' title='bbox 1070 3751 1202 3829; x_wconf 87' lang='lat' dir='ltr'><strong>scilicet,</strong></span> <span class='ocrx_word' id='word_1_206' title='bbox 1220 3740 1536 3816; x_wconf 68' lang='lat' dir='ltr'><strong>Dunelmiavincesof</strong></span> 
     </span>
    </p>
   </div>
   <div class='ocr_carea' id='block_1_6' title="bbox 346 3806 1536 3940">
    <p class='ocr_par' dir='ltr' id='par_1_8' title="bbox 346 3806 1536 3940">
     <span class='ocr_line' id='line_1_30' title="bbox 484 3806 1514 3869; baseline 0 -13"><span class='ocrx_word' id='word_1_207' title='bbox 484 3853 491 3866; x_wconf 78' lang='grc'><em>,</em></span> <span class='ocrx_word' id='word_1_208' title='bbox 939 3853 947 3869; x_wconf 82' lang='grc'><em>,</em></span> <span class='ocrx_word' id='word_1_209' title='bbox 1074 3854 1081 3869; x_wconf 82' lang='grc'>,</span> <span class='ocrx_word' id='word_1_210' title='bbox 1307 3853 1314 3867; x_wconf 77' lang='grc'><strong>,</strong></span> <span class='ocrx_word' id='word_1_211' title='bbox 1410 3806 1514 3858; x_wconf 80' lang='lat' dir='ltr'><strong>Canter-</strong></span> 
     </span>
     <span class='ocr_line' id='line_1_31' title="bbox 346 3851 1536 3940; baseline 0.002 -20"><span class='ocrx_word' id='word_1_212' title='bbox 346 3859 381 3920; x_wconf 91' lang='lat' dir='ltr'><strong>et</strong></span> <span class='ocrx_word' id='word_1_213' title='bbox 405 3851 592 3920; x_wconf 81' lang='lat' dir='ltr'><strong>Oarholum.</strong></span> <span class='ocrx_word' id='word_1_214' title='bbox 639 3851 740 3918; x_wconf 84' lang='lat' dir='ltr'><strong>Sedes</strong></span> <span class='ocrx_word' id='word_1_215' title='bbox 755 3873 836 3919; x_wconf 88' lang='lat' dir='ltr'><strong>vero</strong></span> <span class='ocrx_word' id='word_1_216' title='bbox 859 3875 1008 3919; x_wconf 89' lang='lat' dir='ltr'><strong>omnrum</strong></span> <span class='ocrx_word' id='word_1_217' title='bbox 1031 3875 1255 3940; x_wconf 81' lang='lat' dir='ltr'><strong>eprscoporum</strong></span> <span class='ocrx_word' id='word_1_218' title='bbox 1272 3853 1396 3939; x_wconf 75' lang='lat' dir='ltr'><strong>ahqua</strong></span> <span class='ocrx_word' id='word_1_219' title='bbox 1409 3875 1475 3938; x_wconf 76' lang='lat' dir='ltr'><strong>bury</strong></span> <span class='ocrx_word' id='word_1_220' title='bbox 1485 3874 1536 3922; x_wconf 78' lang='lat' dir='ltr'><strong>anu</strong></span> 
     </span>
    </p>
   </div>
   <div class='ocr_carea' id='block_1_7' title="bbox 345 3940 1554 4352">
    <p class='ocr_par' dir='ltr' id='par_1_9' title="bbox 345 3940 1554 4352">
     <span class='ocr_line' id='line_1_32' title="bbox 345 3940 1488 4043; baseline -0.002 -20"><span class='ocrx_word' id='word_1_221' title='bbox 345 3958 422 4023; x_wconf 91' lang='lat' dir='ltr'><strong>liter</strong></span> <span class='ocrx_word' id='word_1_222' title='bbox 459 3954 651 4042; x_wconf 90' lang='lat' dir='ltr'><strong>explanabo,</strong></span> <span class='ocrx_word' id='word_1_223' title='bbox 690 3961 729 4021; x_wconf 84' lang='lat' dir='ltr'><strong>nt</strong></span> <span class='ocrx_word' id='word_1_224' title='bbox 773 3961 898 4043; x_wconf 87' lang='lat' dir='ltr'><strong>potero.</strong></span> <span class='ocrx_word' id='word_1_225' title='bbox 960 3955 1211 4022; x_wconf 88' lang='lat' dir='ltr'><strong>Advertendum</strong></span> <span class='ocrx_word' id='word_1_226' title='bbox 1258 3960 1309 4022; x_wconf 88' lang='lat' dir='ltr'><strong>est</strong></span> <span class='ocrx_word' id='word_1_227' title='bbox 1355 3940 1488 4021; x_wconf 58' lang='lat' dir='ltr'><strong>adm·</strong></span> 
     </span>
     <span class='ocr_line' id='line_1_33' title="bbox 346 4057 1398 4145; baseline -0.002 -21"><span class='ocrx_word' id='word_1_228' title='bbox 346 4059 501 4125; x_wconf 85' lang='lat' dir='ltr'><strong>notitiam</strong></span> <span class='ocrx_word' id='word_1_229' title='bbox 548 4057 761 4122; x_wconf 90' lang='lat' dir='ltr'><strong>dicendorum</strong></span> <span class='ocrx_word' id='word_1_230' title='bbox 799 4057 889 4144; x_wconf 88' lang='lat' dir='ltr'><strong>quod</strong></span> <span class='ocrx_word' id='word_1_231' title='bbox 927 4057 964 4123; x_wconf 91' lang='lat' dir='ltr'><strong>in</strong></span> <span class='ocrx_word' id='word_1_232' title='bbox 1009 4058 1181 4145; x_wconf 86' lang='lat' dir='ltr'><strong>primitiva</strong></span> <span class='ocrx_word' id='word_1_233' title='bbox 1210 4057 1398 4145; x_wconf 82' lang='lat' dir='ltr'><strong>Anglorum</strong></span> 
     </span>
     <span class='ocr_line' id='line_1_34' title="bbox 347 4157 1398 4248; baseline -0.004 -20"><span class='ocrx_word' id='word_1_234' title='bbox 347 4161 479 4228; x_wconf 85' lang='lat' dir='ltr'><strong>ecclesia</strong></span> <span class='ocrx_word' id='word_1_235' title='bbox 508 4157 684 4247; x_wconf 73' lang='lat' dir='ltr'><strong>praesules³</strong></span> <span class='ocrx_word' id='word_1_236' title='bbox 713 4159 751 4224; x_wconf 90' lang='lat' dir='ltr'><strong>in</strong></span> <span class='ocrx_word' id='word_1_237' title='bbox 780 4159 859 4226; x_wconf 89' lang='lat' dir='ltr'><strong>locis</strong></span> <span class='ocrx_word' id='word_1_238' title='bbox 881 4160 1070 4240; x_wconf 89' lang='lat' dir='ltr'><strong>humilibus,</strong></span> <span class='ocrx_word' id='word_1_239' title='bbox 1101 4165 1219 4248; x_wconf 89' lang='lat' dir='ltr'><strong>utpote</strong></span> <span class='ocrx_word' id='word_1_240' title='bbox 1253 4165 1398 4226; x_wconf 86' lang='lat' dir='ltr'><strong>contem-</strong></span> 
     </span>
     <span class='ocr_line' id='line_1_35' title="bbox 346 4261 1554 4352; baseline 0.005 -23"><span class='ocrx_word' id='word_1_241' title='bbox 346 4263 485 4352; x_wconf 89' lang='lat' dir='ltr'><strong>plationi</strong></span> <span class='ocrx_word' id='word_1_242' title='bbox 512 4262 671 4349; x_wconf 84' lang='lat' dir='ltr'><strong>congruis,</strong></span> <span class='ocrx_word' id='word_1_243' title='bbox 695 4261 787 4328; x_wconf 88' lang='lat' dir='ltr'><strong>sedes</strong></span> <span class='ocrx_word' id='word_1_244' title='bbox 809 4261 906 4328; x_wconf 87' lang='lat' dir='ltr'><strong>suas⁴</strong></span> <span class='ocrx_word' id='word_1_245' title='bbox 928 4267 1118 4330; x_wconf 74' lang='lat' dir='ltr'><strong>statueramt</strong></span> <span class='ocrx_word' id='word_1_246' title='bbox 1130 4287 1138 4345; x_wconf 91' lang='lat'>;</span> <span class='ocrx_word' id='word_1_247' title='bbox 1172 4263 1230 4330; x_wconf 90' lang='lat' dir='ltr'><strong>sed</strong></span> <span class='ocrx_word' id='word_1_248' title='bbox 1251 4269 1554 4349; x_wconf 57' lang='lat' dir='ltr'><strong>temporeqvhmun.</strong></span> 
     </span>
    </p>
   </div>
   <div class='ocr_carea' id='block_1_8' title="bbox 345 4363 1516 4482">
    <p class='ocr_par' dir='ltr' id='par_1_10' title="bbox 345 4363 1516 4482">
     <span class='ocr_line' id='line_1_36' title="bbox 345 4363 1516 4482; baseline -0.003 -52"><span class='ocrx_word' id='word_1_249' title='bbox 345 4367 431 4454; x_wconf 85' lang='lat' dir='ltr'><strong>regis</strong></span> <span class='ocrx_word' id='word_1_250' title='bbox 453 4363 624 4432; x_wconf 86' lang='lat' dir='ltr'><strong>Willielmi</strong></span> <span class='ocrx_word' id='word_1_251' title='bbox 659 4363 839 4447; x_wconf 85' lang='lat' dir='ltr'><strong>Primi,.ex</strong></span> <span class='ocrx_word' id='word_1_252' title='bbox 871 4385 1034 4432; x_wconf 91' lang='lat' dir='ltr'><strong>canonum</strong></span> <span class='ocrx_word' id='word_1_253' title='bbox 1066 4365 1198 4434; x_wconf 90' lang='lat' dir='ltr'><strong>decreto</strong></span> <span class='ocrx_word' id='word_1_254' title='bbox 1230 4363 1397 4432; x_wconf 78' lang='lat' dir='ltr'><strong>edictum⁶</strong></span> <span class='ocrx_word' id='word_1_255' title='bbox 1408 4365 1516 4482; x_wconf 56' lang='lat' dir='ltr'><strong>ffion</strong></span> 
     </span>
    </p>
   </div>
   <div class='ocr_carea' id='block_1_9' title="bbox 381 4649 1283 4891">
    <p class='ocr_par' dir='ltr' id='par_1_11' title="bbox 381 4649 1283 4891">
     <span class='ocr_line' id='line_1_37' title="bbox 381 4649 1175 4731; baseline -0.01 -15"><span class='ocrx_word' id='word_1_256' title='bbox 381 4663 503 4731; x_wconf 76' lang='lat' dir='ltr'><strong>¹oaaas]</strong></span> <span class='ocrx_word' id='word_1_257' title='bbox 522 4649 579 4716; x_wconf 65' lang='lat' dir='ltr'><strong>rr.</strong></span> <span class='ocrx_word' id='word_1_258' title='bbox 592 4665 627 4716; x_wconf 78' lang='lat' dir='ltr'><strong>n.</strong></span> <span class='ocrx_word' id='word_1_259' title='bbox 645 4663 739 4716; x_wconf 69' lang='lat' dir='ltr'><strong>Danu.</strong></span> <span class='ocrx_word' id='word_1_260' title='bbox 772 4665 802 4717; x_wconf 80' lang='lat' dir='ltr'><strong>n</strong></span> <span class='ocrx_word' id='word_1_261' title='bbox 930 4653 1025 4722; x_wconf 68' lang='grc' dir='ltr'><strong>4ειιω]</strong></span> <span class='ocrx_word' id='word_1_262' title='bbox 1044 4669 1109 4707; x_wconf 71' lang='lat' dir='ltr'><strong>suos</strong></span> <span class='ocrx_word' id='word_1_263' title='bbox 1142 4654 1175 4708; x_wconf 79' lang='lat' dir='ltr'><strong>n</strong></span> 
     </span>
     <span class='ocr_line' id='line_1_38' title="bbox 381 4743 1283 4814; baseline 0 -19"><span class='ocrx_word' id='word_1_264' title='bbox 381 4743 543 4808; x_wconf 66' lang='grc' dir='ltr'><strong>2Κιινιιίινίιε]</strong></span> <span class='ocrx_word' id='word_1_265' title='bbox 557 4743 692 4796; x_wconf 83' lang='lat' dir='ltr'><strong>Cambrioe.</strong></span> <span class='ocrx_word' id='word_1_266' title='bbox 726 4743 758 4796; x_wconf 91' lang='grc' dir='ltr'><strong>Β.</strong></span> <span class='ocrx_word' id='word_1_267' title='bbox 932 4745 1065 4814; x_wconf 62' lang='grc' dir='ltr'><strong>ὀᾱίοτιωῄ</strong></span> <span class='ocrx_word' id='word_1_268' title='bbox 1084 4747 1185 4800; x_wconf 84' lang='lat' dir='ltr'><strong>aditum.</strong></span> <span class='ocrx_word' id='word_1_269' title='bbox 1218 4746 1283 4800; x_wconf 72' lang='lat' dir='ltr'><strong>RD.</strong></span> 
     </span>
     <span class='ocr_line' id='line_1_39' title="bbox 381 4821 731 4891; baseline 0.003 -16"><span class='ocrx_word' id='word_1_270' title='bbox 381 4821 529 4891; x_wconf 55' lang='lat' dir='ltr'><strong>’prorum</strong></span> <span class='ocrx_word' id='word_1_271' title='bbox 543 4824 633 4888; x_wconf 81' lang='lat' dir='ltr'><strong>pluras.</strong></span> <span class='ocrx_word' id='word_1_272' title='bbox 666 4823 731 4876; x_wconf 77' lang='lat' dir='ltr'><strong>nl).</strong></span> 
     </span>
    </p>
   </div>
   <div class='ocr_carea' id='block_1_10' title="bbox 0 0 1873 5794">
    <p class='ocr_par' dir='ltr' id='par_1_12' title="bbox 0 0 1873 5794">
     <span class='ocr_line' id='line_1_40' title="bbox 0 0 1873 5794; baseline 0 0"><span class='ocrx_word' id='word_1_273' title='bbox 0 0 1873 5794; x_wconf 95' lang='lat' dir='ltr'><strong> </strong></span> 
     </span>
    </p>
   </div>
  </div>
 </body>
</html>
