3674 5800
614 837 798 890 EULOCIUII
821 839 1072 894 HISTORIARUII.
1331 833 1375 900 53

312 1008 434 1096 tepolis
456 1008 569 1097 regio¹
606 1008 642 1076 in
670 1011 812 1078 confinio
844 1009 981 1078 Arabiae
1013 1017 1047 1078 et
1085 1012 1272 1080 Palaestinae
1307 1015 1374 1082 sita
1387 1032 1505 1099 othris,

311 1111 387 1190 est,8
420 1133 441 1177 a
471 1112 617 1198 quinque
652 1112 847 1180 civitatibus
873 1113 971 1194 dicta,
996 1136 1071 1200 quae
1103 1114 1146 1181 ob
1168 1101 1540 1221 mussantiffgffifflb*

311 1235 425 1280 corum
462 1213 589 1280 coelssti
626 1215 703 1302 igne
741 1217 930 1302 consumpti
966 1222 1053 1283 sunt.
1099 1219 1267 1306 AEgyptus
1298 1242 1372 1306 quae
1433 1207 1439 1222 ’
1530 1212 1534 1218 ’

310 1316 402 1402 prius
439 1314 564 1384 Acria⁴
601 1317 783 1396 dicebatur,
834 1317 876 1384 ab
917 1318 1064 1406 AEgypto
1114 1320 1223 1386 Danai
1269 1321 1371 1390 fratre

311 1423 425 1504 postea
454 1418 504 1484 ibi
530 1424 714 1506 regnante3
736 1417 833 1486 haec⁵
860 1417 928 1486 ab⁶
951 1421 1088 1488 Oriente
1111 1422 1218 1509 Syria
1244 1427 1279 1488 et
1302 1423 1371 1492 Ru·

310 1521 369 1588 bro
408 1521 495 1587 Meri
536 1522 757 1609 conjungItur,
795 1522 838 1587 ab
874 1521 999 1588 Occasu
1037 1523 1168 1610 Syriam
1214 1525 1371 1612 plenam⁷

310 1625 423 1705 habet,
468 1647 490 1690 a
528 1625 762 1712 Septentrione
809 1623 903 1691 Mare
942 1626 1112 1713 Magnum,
1150 1649 1171 1692 a
1208 1627 1372 1694 Meridie⁸

307 1731 469 1793 retrorsus
497 1727 630 1803 incedit,
655 1725 854 1813 protendens
875 1747 979 1813 usque
1002 1725 1214 1815 AEthiopias⁹
1267 1729 1371 1817 Regio

307 1828 365 1894 illa
402 1829 477 1896 coeli
519 1829 684 1894 imbribus
697 1827 723 1865 ¹⁰
759 1833 899 1907 assueta,
938 1835 973 1895 et
1004 1831 1193 1916 pluviarum
1215 1831 1367 1918 ignara.¹¹

308 1931 448 2017 Scythia
477 1936 512 1998 et
538 1930 662 1997 Gothia
684 1953 704 1996 a
728 1930 855 2018 Magog
884 1929 989 1996 fili0¹²
1018 1932 1043 1998 J
1044 1932 1145 2018 aphet
1166 1933 1272 1998 fertur
1293 1955 1367 2022 cog-
1455 1949 1460 1958 ·

307 2034 487 2098 nominata
530 2033 691 2098 Armenia
713 2031 838 2098 dicta¹⁸
861 2055 882 2098 a
903 2032 1038 2100 Iasonis
1064 2034 1212 2100 Thessali
1247 2035 1368 2102 comite

307 2135 462 2214 Armeno,
495 2135 552 2222 qui
584 2135 705 2202 amisso
742 2156 819 2222 rege
856 2135 981 2202 Iasone
1012 2141 1048 2202 et
1081 2136 1216 2202 collecta
1254 2137 1368 2202 multi-

306 2237 424 2304 tudino
452 2237 523 2324 ejus
556 2259 631 2324 quae
668 2236 792 2325 passim
823 2238 1010 2324 vagabatur
1040 2237 1235 2302 Armeniam
1266 2240 1356 2326 cepit

306 2345 341 2406 et
370 2361 429 2406 suo
451 2340 586 2409 nomine
609 2362 682 2405 eam
704 2339 911 2406 nominavit:
936 2340 1001 2404 sita
1027 2345 1078 2405 est
1100 2339 1190 2406 inter
1220 2340 1365 2408 Taurum

305 2446 341 2510 et
378 2441 559 2508 Caucasum
597 2464 618 2507 a
655 2441 862 2529 Cappadocia
910 2463 1015 2529 usque
1066 2441 1223 2529 Caspium
1270 2442 1365 2512 Marc

303 2550 461 2632 porrecta.
506 2545 713 2633 Cappadocia
736 2545 772 2610 in
796 2544 903 2632 capite
934 2545 1041 2631 Syriae
1064 2544 1138 2625 sita,
1161 2545 1204 2610 ab
1227 2544 1364 2612 Oriente

303 2648 498 2714 Armeniam
538 2648 658 2735 tangit,
696 2647 739 2712 ab
780 2647 906 2714 Occasu
943 2647 1060 2712 Asiam
1107 2647 1280 2729 Minorem,
1319 2649 1363 2714 ab

303 2751 467 2837 Aquilone
482 2749 575 2816 Marc
587 2749 785 2816 Cimericum
797 2755 832 2816 et
846 2749 1077 2816 Themisoirios
1088 2747 1112 2788 ¹⁴
1134 2771 1265 2836 campos
1280 2771 1362 2838 quos

301 2853 489 2920 habuerunt
510 2851 704 2918 Amazones.
753 2851 870 2920 Cilicia
896 2858 932 2918 et
958 2851 1088 2918 Isauria
1110 2873 1213 2938 usquc
1235 2851 1280 2918 ad
1303 2851 1362 2920 Ci-

300 2956 400 3022 licum
430 2955 550 3022 Sinum
572 2952 718 3020 tendit¹⁶
741 2953 799 3040 qui
821 2959 949 3041 spectat
976 2959 1092 3020 contra
1116 2954 1265 3020 Insulam
1293 2955 1360 3042 Cy-

300 3081 417 3145 prum;
439 3063 529 3124 terra
549 3057 607 3122 illa
628 3057 719 3122 ultra
739 3077 853 3122 omnes
883 3056 966 3122 alies
988 3079 1088 3143 equos
1114 3058 1230 3124 nutrit.
1277 3058 1359 3126 Asia

300 3161 410 3226 Minor
434 3159 478 3226 ab
494 3158 630 3226 Oriente
646 3157 855 3245 Cappadocia
870 3159 1025 3246 cingitur,
1042 3159 1084 3224 ab
1094 3155 1118 3196 ¹⁰
1134 3159 1237 3246 [aliis]
1255 3161 1358 3246 parti-

300 3263 361 3338 bus
383 3263 451 3328 fere
470 3262 554 3328 mari
576 3261 818 3342 circumdatum
840 3261 943 3326 habet
957 3261 994 3326 in
1009 3283 1043 3326 se
1063 3266 1189 3348 septem
1204 3261 1357 3328 civitates

298 3365 503 3454 principales,
523 3385 663 3450 quarum
679 3363 816 3428 nomina
831 3367 911 3428 sunt
929 3364 1020 3430 haec:
1045 3361 1222 3449 Ephesum,
1240 3362 1354 3450 Smyr·

298 3490 388 3548 nam,
407 3467 613 3555 Pergamum,
624 3465 829 3552 Thyatiram,
846 3464 967 3542 Sardis,
984 3464 1253 3550 Philadelphiam,
1270 3464 1353 3530 Lao-

297 3571 422 3636 diceam
435 3569 472 3651 3¹⁷
486 3569 589 3636 hebet
602 3567 808 3656 provincias:
826 3567 1031 3654 Bithyniam,
1048 3565 1237 3654 Phrygiam,
1254 3566 1353 3632 Cala-

298 3673 390 3752 tiam,
417 3671 566 3759 Lydiam,
584 3671 725 3750 Cariam,
750 3669 988 3757 Pamphyliam,
1017 3668 1188 3746 Isauriam,
1207 3668 1350 3756 Lyciam.

297 3773 431 3842 Calatia
465 3797 486 3840 a
515 3773 632 3862 priscis
659 3772 832 3840 Gailorum
862 3772 1019 3859 gentibus
1050 3770 1148 3850 dicta,
1179 3792 1201 3837 a
1230 3771 1351 3858 quibus

330 4033 427 4100 Μυρὼ]
446 4039 491 4084 eat
509 4033 565 4083 add.
583 4031 648 4082 RD.
869 4030 887 4060 ¹¹
898 4029 1000 4095 iyaara]
1019 4035 1064 4079 est.
1082 4041 1168 4093 pram.
1185 4027 1251 4079 B.D.

328 4113 397 4179 ἐστ]
416 4127 466 4162 om.
484 4110 548 4162 B.D.
869 4107 962 4174 ¹¹filio]
982 4122 1032 4157 om.
1050 4107 1082 4157 B.

327 4190 498 4257 'ualffactid
517 4187 657 4239 malefacta.
691 4187 757 4237 RD.
870 4187 887 4217 ¹¹
900 4186 981 4252 duta]
1002 4193 1047 4236 est.
1067 4185 1125 4236 add.
1158 4184 1224 4235 BJ).

327 4269 440 4336 mara]
459 4269 547 4320 Aeria
582 4267 646 4320 B.D.
868 4266 886 4296 ¹⁴
902 4264 1090 4330 Themiso-iriae]
1172 4263 1345 4317 Hemistcrioa

326 4349 410 4415 ⁵lacre]
430 4361 479 4398 om.
497 4347 562 4397 B.D.
835 4347 934 4398 A.B.D.

326 4426 392 4493 ‘ab]
411 4427 451 4477 ab.
469 4426 526 4476 add
544 4425 579 4474 A.
868 4426 886 4456 ¹⁸
897 4425 985 4500 uadit]
999 4425 1076 4475 tenda
1094 4421 1128 4476 A.
1146 4425 1260 4476 tendunt.
1278 4423 1343 4475 B.D.

325 4504 567 4571 'SyriampleaamJ
586 4501 747 4568 al.Libyam.
867 4503 941 4570 ¹hrt]
961 4519 983 4554 a
1018 4504 1083 4554 nl).

324 4583 466 4649 'Mendid
484 4599 533 4633 me.
550 4597 636 4647 prum.
654 4582 689 4631 A.
865 4581 1345 4648 ¹⁷Epama,saamaa.ea.]sphesa‚

325 4663 502 4730 ’Ethiopiad
521 4661 688 4726 AEIhIopiam.
722 4661 753 4711 B.
832 4651 1000 4722 Smirnaetc.
1028 4663 1063 4714 A.
1092 4661 1215 4728 Ephesus,
1232 4661 1343 4724 Smirna,

325 4745 344 4776 ¹⁰
354 4741 481 4810 Imbribus]
499 4741 617 4794 nabibus.
650 4741 716 4792 ΕΙ).
832 4749 880 4792 etc.
913 4741 979 4792 B.D.
