3674 5800
465 841 507 914 78
762 861 946 912 nunoornu
968 859 1217 912 msronrsnnu

295 1048 429 1118 orsnily.
462 1030 571 1096 insula
587 1029 778 1112 Oomoedis3
810 1033 947 1120 agathes
969 1032 1054 1118 lapis
1080 1031 1235 1098 iuventa¹
1253 1035 1304 1098 est
1329 1031 1386 1110 ibi,
1415 1031 1518 1098 noral-

462 1133 533 1198 lum
555 1135 665 1222 gignit
696 1135 819 1215 album,
853 1141 888 1202 et
920 1135 1003 1202 sales
1039 1135 1097 1221 qui
1130 1136 1209 1222 igne
1239 1139 1320 1200 sunt
1349 1133 1516 1212 solubiles,

463 1239 497 1302 in
529 1237 624 1323 aquis
653 1238 858 1325 crepitantes.
910 1237 1028 1304 Omnis
1051 1239 1197 1304 ambitus
1219 1236 1386 1304 clauditur
1408 1237 1517 1325 spatio

463 1339 567 1406 trium
589 1340 720 1406 milium
743 1339 935 1408 stadiorum.

903 1641 984 1708 Osr.
1000 1640 1069 1709 XO.

890 1830 941 1896 De
972 1829 1116 1916 Cypro.⁹

299 2021 453 2092 Ofcypm
511 2010 651 2076 OYPBUS
676 2017 727 2076 est
750 2011 859 2078 insula
896 2035 971 2098 quae
997 2013 1090 2101 regio
1115 2012 1181 2078 diei
1207 2017 1339 2100 potest;
1361 2034 1382 2077 a
1406 2010 1517 2100 prro

465 2113 601 2178 civitate
615 2113 806 2180 nominatur
819 2137 827 2194 ;
849 2115 923 2200 ipsa
943 2120 994 2180 est
1017 2121 1052 2180 et
1076 2115 1236 2202 Paphon⁸
1259 2137 1334 2202 quae
1350 2115 1516 2200 quondam

464 2215 530 2280 fuit
544 2213 667 2280 Veneri
682 2221 870 2282 eonsecrata
879 2242 886 2297 ;
908 2218 1076 2304 quondam
1092 2218 1159 2282 fuit
1173 2218 1300 2282 famosa
1320 2221 1354 2284 et
1373 2218 1518 2282 maxime

466 2318 507 2382 do
530 2317 678 2382 metallis.
724 2317 806 2384 AEs‘
829 2319 956 2386 dieitur
975 2319 1077 2385 fuisse
1098 2319 1146 2384 ibi
1163 2323 1340 2406 repertum,
1355 2324 1390 2384 st
1411 2319 1518 2406 primo

465 2421 541 2484 usui
571 2424 694 2507 aptum.
751 2421 852 2486 Terra
882 2421 942 2486 illa
971 2423 1122 2500 vinifera,
1155 2424 1248 2508 eujus
1279 2423 1396 2486 vinum
1433 2422 1518 2487 forte

466 2521 569 2587 valde.
632 2521 796 2590 Civitates
832 2524 955 2590 multas
985 2524 1084 2588 modo
1119 2523 1220 2588 habet
1257 2523 1394 2603 nobiles,
1426 2524 1519 2610 eujus

465 2624 656 2711 metropolis
693 2631 744 2692 est
782 2626 816 2690 N
818 2627 949 2692 iohotia
1011 2626 1113 2691 Terra
1152 2626 1211 2690 illa
1248 2626 1334 2691 meri
1372 2625 1519 2712 undique

465 2726 583 2808 clausa,
606 2727 664 2792 sed
686 2729 827 2794 interius
855 2729 956 2807 silvis,
979 2730 1094 2816 pratis,
1122 2728 1254 2814 eampis,
1277 2727 1394 2808 vineis,
1417 2728 1520 2816 frugi-

464 2828 526 2894 bus
556 2829 664 2916 plena,
686 2829 863 2912 fontibus‚⁶
884 2831 1062 2918 paludibus
1085 2830 1218 2918 irrigua,
1246 2831 1360 2896 multis
1392 2831 1518 2896 divitiis

299 2949 452 3013 oronnae.
464 2937 498 2998 et
521 2931 646 2997 deliciis
668 2932 834 3019 opulenta.
891 2933 1029 2999 Orosius
1057 2933 1140 2998 dicit
1170 2934 1211 2998 de
1242 2933 1352 3020 Cypro
1381 2933 1516 2998 Insula:

466 3035 594 3120 prrus
620 3057 641 3099 a
667 3035 899 3122 Septentrione
925 3035 1012 3100 Mari
1040 3035 1262 3122 Pamphylioo,
1287 3035 1330 3100 ab
1353 3035 1518 3122 Aquilone

465 3137 633 3218 Cilicius
664 3137 802 3203 Meridie
833 3138 940 3204 Cirioe
973 3143 1008 3203 et
1035 3137 1200 3203 Phoeniois
1231 3137 1353 3225 Pelago
1383 3139 1518 3204 eircum-

464 3243 584 3322 datur3
615 3243 708 3330 eujus
739 3243 884 3332 spatium
915 3243 952 3308 in
986 3243 1085 3331 longo
1119 3248 1214 3308 tenet
1246 3260 1397 3310 clxxxv.
1426 3243 1518 3310 milia

463 3367 627 3434 passuum,
654 3345 692 3410 in
714 3345 894 3412 latitudine
919 3363 1023 3413 cxxv.
1047 3345 1141 3412 milia
1163 3367 1328 3434 passuum.

894 3678 972 3746 Osr.
998 3677 1088 3746 XOI.

873 3863 1108 3953 Wynltndio.⁰

300 4047 454 4103 ofninlanu
512 4057 729 4124 wnmnnn
767 4061 818 4123 est
854 4059 964 4146 patria
996 4057 1098 4143 juxta
1133 4058 1295 4122 montana
1331 4050 1517 4138 Norwegiae

465 4181 579 4227 versus
615 4159 786 4226 Orientem
817 4161 891 4240 sita,
923 4181 1022 4246 super
1054 4159 1136 4226 litus
1160 4155 1281 4224 Oceani
1293 4179 1302 4234 ;
1337 4177 1404 4222 non
1434 4155 1519 4220 mul-

465 4271 539 4332 tum
571 4261 691 4328 fertilis
722 4263 787 4328 nisi
820 4263 857 4326 in
891 4263 1097 4350 graminibus
1129 4267 1164 4328 et
1196 4259 1297 4327 silvis.
1344 4259 1433 4326 Gens
1460 4257 1519 4322 illa

500 4621 630 4688 lineum]
649 4621 774 4670 inventus.
808 4617 875 4669 BD.
1050 4613 1134 4681 Ἔα]
1154 4621 1186 4665 et
1219 4611 1287 4662 RD.

499 4703 562 4754 'De
576 4701 671 4768 Cypro]
684 4715 733 4750 om.
769 4697 801 4748 B.
1051 4693 1190 4759 'sontibud
1203 4707 1253 4744 om.
1287 4691 1353 4742 B.D.

500 4781 638 4850 ⁸Papton]
651 4779 758 4832 Psthon.
792 4777 825 4828 D.
1050 4770 1236 4839 ‘wodanum
1255 4771 1304 4823 De.
1315 4785 1401 4836 prem.
1435 4767 1500 4820 B.D.
