3674 5800
471 755 512 820 56
770 768 953 822 sssoomu
976 767 1223 822 s1sron1ssnu

304 947 423 1012 ornan,
471 941 599 1010 Lobeth
628 943 720 1030 regio
746 942 932 1032 principum
966 943 1003 1008 in
1036 942 1150 1010 eadem
1183 943 1224 1009 de
1251 963 1325 1030 qua,
1356 945 1396 1009 ut
1424 963 1525 1031 supra

303 1014 460 1134 ἔξω
470 1045 550 1126 dixi,
567 1044 741 1114 Gabaiene.
780 1046 910 1112 Messon
923 1045 1014 1133 regio
1030 1044 1137 1112 Indis
1151 1043 1188 1110 in
1203 1066 1270 1132 qua
1287 1043 1525 1114 habitaverunt

469 1147 533 1214 filii
554 1146 682 1232 Jsotan,
706 1153 741 1214 ot
762 1147 825 1214 filii
848 1148 970 1214 Hebsr.
1025 1147 1145 1214 Maoha
1165 1147 1258 1235 regio
1279 1148 1367 1236 regis
1394 1147 1524 1214 Gessur.

472 1250 610 1336 Masoga
631 1255 666 1316 ot
692 1250 794 1317 Maon
817 1248 1040 1316 Moabitarum
1062 1254 1143 1316 sunt
1165 1249 1322 1338 regiones,
1344 1253 1386 1316 ut
1411 1249 1526 1316 scribit

470 1352 642 1420 Jeremias.
690 1353 856 1440 Magadan
893 1351 1004 1440 regio¹
1034 1353 1079 1418 sd
1101 1351 1195 1438 cujus
1220 1351 1313 1430 finos,
1344 1353 1525 1420 secundum

471 1455 653 1522 Mathaeum
676 1453 935 1543 Evangelistam‚
954 1455 1118 1520 Dominus
1139 1455 1296 1541 parvenit
1318 1455 1526 1543 praedioando

470 1561 506 1622 et
527 1556 668 1623 ulterius
690 1578 758 1623 non
780 1556 960 1644 prooessit3
984 1555 1116 1622 Marcus
1145 1556 1234 1622 idom
1256 1561 1409 1624 testatur.
1454 1557 1525 1622 Na-

470 1658 585 1725 baioth
607 1659 698 1746 regio
720 1664 771 1726 est
793 1660 835 1726 do
858 1680 925 1744 qua
947 1659 1063 1724 scribit
1086 1658 1110 1724 J
1112 1658 1258 1726 eremias
1305 1658 1411 1746 Ophir
1434 1659 1525 1748 regio

470 1766 521 1826 ost
543 1759 625 1848 qui²
646 1783 768 1827 nomen
789 1761 916 1848 aooepit
950 1759 992 1826 ab
1017 1781 1084 1826 uno
1106 1761 1148 1826 ds
1169 1759 1310 1847 posteris
1342 1759 1456 1828 Hebes
1476 1763 1526 1826 ita

470 1861 629 1930 vocatus³
673 1860 874 1928 Philistiim‘
895 1861 987 1950 regio
1008 1861 1083 1942 fuit,
1104 1860 1216 1928 nuno⁶
1230 1866 1369 1928 vocatur
1383 1863 1526 1929 Asoalon

470 1970 505 2031 ot
515 1965 618 2052 juxta
632 1987 706 2031 eam
721 1965 812 2052 ragio
836 1963 1034 2031 Palaestinas.
1081 1963 1209 2030 Pontus
1230 1965 1322 2052 regio
1344 1965 1525 2031 multarum

470 2067 620 2154 gentium
645 2069 749 2153 juxta
780 2067 874 2134 Mare
898 2065 1085 2146 Ponticum,
1108 2067 1197 2154 quod
1218 2066 1335 2132 Asiam
1359 2071 1395 2132 et
1420 2067 1525 2133 Euro-

470 2191 549 2256 pam
571 2169 790 2234 discriminat.
839 2168 1007 2236 Rsblaths
1029 2169 1109 2234 urbs
1131 2173 1184 2234 est
1206 2189 1280 2254 quae
1299 2189 1389 2234 nuno
1406 2169 1526 2234 Antio-

470 2271 544 2336 ohia
579 2269 710 2340 dicitur.
770 2269 878 2336 Saron
910 2270 1017 2358 (cujus
1055 2269 1161 2336 Isaiss
1199 2271 1355 2338 meminit
1391 2271 1525 2338 dioens:

471 2372 514 2438 In
535 2372 672 2460 paludes
693 2393 808 2438 versus
831 2377 883 2438 est
906 2372 1026 2460 Saron)
1049 2373 1141 2460 ragio
1174 2377 1226 2438 est
1258 2373 1350 2438 inter
1376 2371 1526 2440 Montom

470 2474 603 2540 Thabor
624 2479 660 2540 et
693 2478 848 2560 stagnum
881 2473 1090 2552 Tiberiadis3
1126 2475 1233 2540 omnis
1254 2480 1345 2541 terra
1368 2473 1526 2542 Gaesarenr

470 2599 574 2662 usquo
607 2575 651 2641 ad
685 2576 845 2663 oppidum
876 2576 996 2664 Joppo,
1023 2576 1168 2642 Saronss
1190 2577 1321 2644 dieitur.
1378 2577 1527 2644 Theman

471 2679 561 2765 regio
583 2677 770 2765 principum
802 2677 917 2758 Edon,
941 2679 977 2744 in
999 2682 1090 2744 terra
1112 2679 1313 2762 Gabaletioa
1336 2701 1358 2746 a
1379 2679 1528 2748 Theman

472 2781 540 2846 fih'o
573 2780 714 2866 Eliphaz
748 2777 842 2846 fili0⁶
879 2781 969 2846 Esau
1001 2781 1122 2848 sortita
1146 2783 1356 2850 vooabulum.
1412 2781 1528 2849 Distat

470 2882 559 2946 enim
582 2881 666 2946 villa
699 2881 847 2947 Theman
881 2882 924 2948 ab
953 2882 1035 2948 urbs
1069 2882 1178 2964 Petra,
1211 2883 1270 2950 nbi
1302 2884 1526 2952 Romanorum

470 2983 661 3071 praesidium
694 2983 868 3065 residebat,
900 3006 922 3048 a
955 3001 987 3050 v.
1019 2985 1155 3051 milibus
1162 2985 1184 3066 3⁷
1214 2986 1384 3052 sciendum
1414 2993 1527 3054 autem

472 3085 560 3172 quod
594 3085 701 3150 omnis
724 3085 891 3151 Australis
918 3085 1009 3174 rugio
1033 3085 1198 3153 Hebraioo
1220 3085 1371 3154 Theman
1393 3089 1526 3156 dicitur.

473 3189 647 3257 Thalassar
669 3188 759 3275 regio
783 3192 834 3254 ost
864 3187 981 3275 Syrias
1045 3187 1129 3255 Haeo
1155 3190 1196 3256 do
1218 3189 1308 3258 Asiae
1338 3191 1528 3278 regionibus

474 3289 563 3366 diota
585 3290 757 3370 sufficiant,
780 3311 870 3356 nuno
892 3290 933 3358 do
948 3289 1061 3356 Afiioa
1083 3291 1230 3360 breviter
1251 3292 1407 3360 dinamus.

907 3583 987 3654 Gar.
1012 3584 1104 3652 LXI.

842 3769 1011 3858 Repetitio
1032 3767 1171 3861 Asana.

311 3969 455 4034 maffia,
522 3957 659 4024 Armes
688 3958 783 4045 qussi
807 3958 915 4048 Libya
938 3955 1049 4026 ᾶίοὴιι8
1078 3983 1117 4026 ao
1141 3961 1230 4047 quod
1251 3959 1330 4028 inde
1353 3963 1434 4030 Libs
1458 3965 1527 4031 flat

311 4039 376 4090 aiter
385 4038 438 4088 Ra·

310 4106 399 4156 banus.

477 4059 666 4147 Pentapolis
711 4083 732 4126 a
768 4061 915 4150 quinque
959 4063 1097 4130 urbibus
1133 4064 1348 4151 nuncupata?
1395 4066 1528 4148 soilioet,

510 4347 605 4414 ΜΨ]
625 4354 669 4398 est.
687 4348 744 4398 add.
760 4347 826 4396 B.D.
1055 4349 1152 4415 ⁸nm]
1171 4365 1235 4414 qun.
1251 4365 1339 4415 praem.
1356 4351 1421 4401 B.D.

509 4427 587 4492 'quii
605 4441 669 4489 qnae.
702 4427 767 4477 B.D.
1055 4426 1139 4494 'filio]
1158 4427 1213 4478 filii.
1247 4427 1278 4478 B.

509 4507 643 4572 'aarum
661 4519 759 4555 vocato.
793 4503 858 4554 RD.
1056 4505 1183 4573 'nilitsoe]
1202 4507 1352 4558 miliaribus.
1386 4507 1451 4562 Β.Ι).

510 4583 674 4651 ‘Possum
701 4582 848 4648 Philistijm.
870 4582 906 4634 A.
924 4583 984 4634 Phi·
1055 4585 1155 4652 ⁸dicto]
1175 4593 1220 4638 asu
1238 4587 1295 4638 add.
1312 4587 1378 4638 m).

478 4664 570 4715 linum.
607 4664 641 4714 Ι).
722 4723 728 4740 ,1
1055 4665 1230 4732 'nuncrpnmJ
1249 4673 1294 4717 est.
1311 4667 1369 4720 stid-
1385 4665 1450 4718 RD.
