3696 5794
639 913 817 966 abacorum
839 911 1087 964 nrsroamauu
1324 895 1389 966 117

339 1087 473 1155 condite
504 1093 575 1169 est3
607 1111 710 1155 unum
734 1111 854 1156 nomen
876 1089 992 1154 insulis
1015 1093 1050 1154 et
1073 1086 1153 1152 urbe
1175 1085 1250 1150 fuit.
1299 1085 1388 1149 Nam
1402 1091 1493 1143 Ofthe

343 1187 468 1255 rbem
504 1190 616 1257 Craece
648 1189 845 1278 ’mesomelas
876 1191 1003 1268 Latine,
1036 1187 1115 1276 quia
1145 1211 1220 1253 cum
1249 1157 1538 1275 ιιοιιιιιιιιἷζιέῐῇῗξὲξί

337 1313 397 1356 sua
434 1293 619 1370 concubuit,
652 1294 730 1360 inde
767 1293 897 1380 fugiens
935 1293 1020 1357 hanc
1052 1289 1194 1356 insulam
1227 1288 1282 1356 et¹
1321 1288 1388 1354 cul·
1400 1297 1539 1343 terranem.

337 1391 465 1458 toribus
502 1395 657 1482 reliquit²
702 1395 785 1462 Inde
816 1395 945 1460 Tenee³
976 1395 1081 1481 ipsam
1114 1391 1269 1472 obtinuit,
1300 1390 1388 1456 unde

337 1517 458 1561 nomen
482 1502 635 1564 exortum
658 1503 716 1564 est
763 1493 970 1585 Carpathos*
991 1496 1101 1561 insula
1118 1517 1186 1560 uua
1208 1515 1250 1558 ex
1274 1493 1389 1578 Cycla

335 1597 432 1664 dibus
455 1621 476 1663 a
499 1599 638 1666 Meridie
659 1599 788 1687 posita⁵
811 1605 927 1666 contra
947 1599 1141 1686 AEgyptum‚
1165 1619 1185 1662 a
1208 1618 1272 1682 quo
1296 1595 1388 1660 Mare

336 1699 550 1787 Carpathium
574 1702 776 1790 appellatum
799 1706 858 1782 est,
874 1699 1017 1766 vocata⁶
1031 1704 1163 1788 propter
1178 1697 1387 1763 velocitatem

335 1823 496 1869 cursuum.
542 1803 606 1870 Est
628 1804 717 1870 enim
746 1804 836 1870 inter
858 1803 1043 1891 AEgyptum
1066 1807 1101 1868 et
1124 1800 1286 1866 Rhodum.
1333 1800 1386 1864 Ex

335 1904 395 1970 hac
425 1905 533 1972 insula
563 1907 719 1973 dicuntur
750 1929 880 1993 magnae
913 1903 1036 1971 navcs⁷
1058 1909 1093 1971 et
1127 1905 1281 1991 spaciosae
1313 1901 1386 1989 pro-

335 2007 487 2073 ceruleae.⁸
524 2008 672 2094 Cythera
686 2009 795 2074 insula
813 2031 880 2074 una
902 2031 944 2074 ex
963 2007 1162 2094 Cycladibus
1184 2007 1227 2072 ab
1243 2005 1386 2072 Occiduo

335 2109 408 2190 sita,
432 2109 508 2176 cui⁰
529 2133 649 2178 nomen
665 2112 756 2198 priua
778 2111 844 2177 fuit
867 2108 1084 2198 Porphyris,¹⁰
1107 2132 1146 2176 eo
1168 2109 1257 2196 quod
1273 2109 1385 2175 Venus

334 2211 382 2276 ibi
407 2217 490 2279 nata
520 2214 573 2279 sit.
628 2213 736 2280 Icaria
766 2236 834 2280 una
871 2235 914 2279 ex
949 2211 1157 2299 Cycladibus,
1191 2235 1265 2298 quse
1302 2212 1385 2277 mari

334 2313 441 2380 Icario
463 2337 585 2382 nomen
607 2315 707 2382 dedit.
745 2315 879 2382 Dicitur
909 2320 1020 2382 autem
1048 2315 1165 2381 Icaron
1196 2314 1384 2380 Cretensem

332 2417 381 2482 ibi
410 2418 574 2484 interiisse
610 2418 794 2506 naufragio,
827 2423 863 2484 et
893 2419 934 2485 de
964 2417 1059 2484 exitu
1089 2416 1234 2482 hominis
1263 2439 1383 2482 nomen

332 2518 404 2586 loco
415 2518 438 2558 ¹¹
460 2520 661 2608 impositum,
726 2521 851 2586 Naxon
888 2519 998 2586 insula
1035 2542 1056 2585 a
1091 2519 1253 2605 Dionysio
1285 2520 1383 2600 dicta,

333 2621 429 2708 quasi
443 2622 659 2702 Dionaxon,¹⁹
681 2623 769 2709 quod
781 2621 807 2660 ¹³
829 2623 1003 2688 fertilitate
1018 2621 1141 2688 vitium
1163 2626 1297 2688 caeterae
1312 2623 1384 2688 vin·

333 2725 380 2790 cit
393 2723 417 2762 ¹⁴
446 2724 589 2806 insulas3
620 2730 671 2792 est
693 2725 781 2792 enim
804 2749 826 2790 a
857 2727 941 2792 Delo
964 2742 1066 2790 xum.
1090 2725 1219 2790 milium
1229 2723 1254 2761 ¹⁵
1276 2726 1385 2812 spatio

332 2834 491 2914 separata,
514 2851 557 2894 cx
579 2849 645 2914 qua
666 2829 745 2894 olim
767 2827 901 2915 Jupiter
933 2829 1039 2894 fertur
1069 2828 1226 2893 adversus
1248 2826 1385 2894 Titanas

333 2929 433 2996 fuisse
465 2931 656 3018 profectum.
705 2930 822 3018 Cyclos
857 2953 899 2996 ex
931 2953 1068 2996 numero
1097 2929 1279 3016 Cycladum
1307 2953 1383 3012 una,

334 3034 482 3099 omnium
503 3034 685 3100 insularum
708 3033 954 3114 rotundissima,
976 3033 1064 3098 unde
1087 3033 1136 3100 ita
1162 3031 1387 3120 nuncupata.ll

334 3135 443 3202 Paron
473 3160 495 3202 a
516 3138 620 3203 Parca
632 3135 655 3174 ¹⁷
678 3136 785 3214 dicta3
819 3136 958 3202 historia
991 3136 1073 3201 dicit
1105 3135 1323 3202 Philomelum
1351 3142 1387 3202 et

334 3237 510 3304 Plutonem
539 3263 561 3304 a
590 3239 714 3306 dusono
740 3245 862 3306 natum
875 3236 899 3274 ¹⁸
928 3238 1038 3318 fuisse,
1069 3242 1104 3303 et
1137 3259 1180 3304 ex
1204 3238 1386 3304 Philomelo

334 3340 507 3408 Pareatam
528 3343 688 3430 genitum,
714 3343 771 3429 qui
795 3342 836 3408 de
859 3363 918 3407 suo
948 3340 1083 3408 nomine
1113 3339 1223 3406 Paron
1244 3341 1387 3406 insudam

333 3449 368 3509 et
383 3445 540 3532 oppidum
555 3445 752 3512 nominavit.
793 3445 911 3532 Cignit
932 3465 1076 3510 marmor
1097 3443 1365 3510 candidissimum
1379 3468 1388 3523 ;

333 3547 441 3613 mittit
467 3549 569 3614 etiam
601 3548 731 3614 sardam
765 3547 916 3634 lapidem,
950 3547 1166 3612 marmoribus
1198 3547 1386 3634 praetenti-

226 3713 227 3718 ,
334 3672 432 3716 orem.
479 3650 586 3718 Chion
611 3650 720 3717 insula
744 3650 831 3736 Syra
861 3651 977 3737 lingua
999 3649 1184 3744 appellatur
1206 3649 1323 3731 insula,
1348 3673 1386 3717 eo

367 3875 423 3944 ἐι]
437 3892 487 3929 om.
522 3877 588 3928 B.D.
605 3891 668 3929 corr.
686 3879 718 3929 a?
915 3877 990 3942 ἀι]
1004 3876 1084 3941 cujus.
1117 3875 1182 3928 B.D.

366 3955 496 4024 ²reliquit]
509 3971 572 4008 corr.
584 3955 712 4009 obtinuit?
915 3959 933 3990 ¹⁰
943 3955 1090 4024 Porphyris]
1103 3957 1249 4024 Paphireur.
1265 3960 1296 4010 B.
1314 3961 1378 4014 Por·

365 4033 480 4103 Ἴσκε]
513 4035 603 4128 decies.
640 4035 662 4087 is
692 4035 777 4088 traoed
810 4035 837 4086 iu
881 4035 976 4101 phirus.
1010 4036 1043 4088 D.

332 4115 664 4247 lihilgofdbebtbitliffoeent
685 4115 755 4168 md
771 4115 837 4166 Μ
914 4115 1254 4264 affigi-wlffiffiom
1288 4200 1320 4250 Β.

365 4273 542 4340 Quam]
557 4273 691 4340 aaa.
709 4273 811 4326 ann.
915 4288 1018 4357 aaa]
1032 4289 1100 4356 qua
1135 4290 1167 4353 n

365 4353 480 4464 :pasiuq
494 4361 539 4404 ω’
550 4355 607 4404 “st
625 4353 657 4405 Β·
915 4381 933 4413 ¹⁴
944 4383 1032 4450 aiant]
1051 4381 1138 4436 Tulcc
1161 4383 1189 4436 in
1208 4385 1241 4437 Ι).
1262 4387 1304 4440 the
1325 4387 1381 4439 first

386 4433 486 4498 voeate]
499 4439 623 4484 vocatum.
658 4433 724 4484 B.D.

366 4513 482 4578 'ml
518 4513 655 4600 ΜΨ
670 4511 780 4602 aaa
793 4512 836 4564 ‘¹¹⁰
913 4553 1045 4622 usura]
1059 4555 1201 4611 anasum.
1235 4557 1301 4613 sn.

331 4587 441 4639 author’s
457 4588 525 4638 baud
544 4603 571 4639 nr
590 4587 694 4639 blacker
712 4589 758 4639 mk
774 4589 836 4640 than
914 4647 932 4678 n

331 4667 386 4719 that
396 4667 427 4718 of
433 4667 476 4718 the
487 4675 598 4720 ωηιξη.
943 4649 1096 4717 nuncupata]
1111 4659 1156 4702 est·
1168 4653 1223 4703 Edd-
1258 4653 1323 4706 BD·

880 4463 973 4514 crased.

364 4745 505 4798 'Esteaim
521 4781 528 4801 .
544 4773 554 4800 ι
571 4783 577 4800 .
595 4785 602 4801 .
615 4748 775 4816 processisse]
786 4765 835 4804 om.
913 4739 932 4770 ¹⁷
942 4755 960 4789 α
971 4739 1068 4808 Parca]
1082 4758 1156 4822 apes.
1190 4744 1223 4796 D.

332 4825 398 4877 B.D.
914 4832 1038 4900 staram]
1051 4841 1130 4887 natos
1159 4835 1190 4886 B.
1225 4837 1297 4889 natis.
1331 4839 1364 4892 D.
