3696 5794
449 832 513 898 142
749 841 931 896 uusocwu
953 838 1202 894 ursrcsmauu

280 1027 433 1082 osunen.
447 1043 547 1110 equos
569 1023 604 1089 et
626 1025 744 1088 caetera
766 1017 969 1100 animantia;
998 1016 1207 1086 avertentes¹
1233 1039 1267 1086 ss
1290 1040 1311 1084 a
1333 1019 1405 1086 lacu
1431 1039 1500 1084 non

448 1130 553 1206 nocet,
577 1125 679 1190 etiam
701 1124 729 1190 ei
752 1145 853 1210 prope
883 1123 960 1188 sint.

494 1229 555 1294 Est
583 1229 620 1294 in
650 1250 689 1294 ea
707 1226 780 1292 fons
809 1248 831 1292 a
856 1248 922 1312 quc
944 1247 1012 1290 non
1041 1223 1242 1306 fluitrivus,
1265 1229 1300 1290 et
1326 1227 1498 1290 tamenin

448 1355 487 1398 ea
509 1331 685 1418 capiuntur
714 1334 856 1416 quatuor
885 1349 1005 1414 genera
1038 1326 1178 1415 piscium
1190 1351 1199 1408 ;
1236 1327 1341 1394 habet
1371 1327 1498 1393 etiam¹

448 1436 521 1502 fons
551 1433 634 1499 xx.³
664 1433 763 1521 pedes
784 1433 821 1498 in
846 1430 1032 1510 latitudine,
1057 1430 1198 1496 totidem
1220 1431 1257 1496 in
1280 1431 1497 1519 longitudine,

448 1561 508 1604 nec
537 1543 649 1604 tamen
672 1541 723 1602 est
742 1531 966 1622 profundum⁴
987 1533 1045 1600 sed
1077 1534 1245 1619 usquead
1268 1555 1387 1622 genua,
1411 1535 1499 1620 ripas

449 1641 535 1706 altas
564 1639 689 1705 habens
711 1660 754 1704 ex
776 1638 867 1703 omni
896 1640 999 1724 parte.

493 1743 536 1808 In
569 1741 700 1830 regione
734 1740 857 1808 Wenta
895 1743 947 1806 est
983 1738 1087 1820 fovea,
1126 1760 1147 1802 a
1183 1759 1250 1823 qua
1279 1743 1401 1804 ventus
1438 1739 1499 1804 flat

446 1847 653 1925 incessanter,
680 1844 729 1908 ita
752 1847 792 1909 ut
817 1864 914 1908 nemo
943 1842 1047 1928 possit
1071 1840 1248 1907 subsistere
1271 1846 1349 1906 ante
1371 1863 1452 1908 eam.

491 1949 553 2015 Est
574 1949 612 2012 in
641 1969 680 2012 ea
701 1951 856 2033 stagnum
887 1944 1062 2031 sexaginta
1093 1943 1217 2008 insulas
1247 1944 1373 2009 habens
1407 1945 1499 2009 habi-

447 2051 574 2131 tabiles,
597 2071 736 2136 quarum
759 2047 916 2134 quaslibet
937 2047 1076 2133 rupibus
1099 2047 1265 2126 ambitur3
1296 2046 1354 2111 ubi
1377 2047 1499 2133 aquilae

447 2156 483 2220 in
506 2153 654 2240 qualibet
683 2153 792 2218 insula
821 2151 1003 2218 nidificant.
1060 2149 1216 2216 Flumine
1246 2149 1282 2214 in
1312 2171 1351 2216 eo
1382 2155 1499 2238 stagno

447 2259 557 2323 fluunt
587 2261 622 2324 et
651 2254 742 2322 n0n⁵
772 2254 938 2334 refluunt3
981 2275 1085 2318 unum
1122 2274 1262 2341 parvum
1294 2253 1417 2319 flumen
1460 2254 1500 2318 de

448 2361 600 2426 omnibus
626 2359 678 2425 his
708 2358 744 2424 in
770 2379 859 2423 mare
890 2353 1067 2422 tetendit.⁰

493 2463 554 2528 Est
576 2462 612 2526 in
635 2483 674 2527 ea
703 2465 858 2546 stagnum
889 2459 981 2545 quod
1006 2459 1135 2545 lignum
1158 2457 1238 2524 facit
1261 2459 1430 2524 durescere
1462 2458 1499 2522 in

447 2565 599 2653 lapidem,
642 2563 671 2628 si
708 2583 768 2649 per
809 2583 934 2627 annum
971 2562 1007 2626 in
1046 2583 1085 2626 ea
1133 2562 1374 2647 permanserit;
1411 2562 1499 2627 unde

448 2669 632 2734 formantur
653 2665 746 2752 ligna
767 2670 802 2732 et
823 2661 945 2730 missa⁷
967 2664 1004 2728 in
1026 2669 1191 2750 stagnum.

493 2771 555 2836 Est
577 2769 613 2834 in
640 2769 807 2834 cacumine
840 2766 1010 2853 cujusdam
1042 2767 1165 2832 montis
1196 2767 1414 2853 sepulchrum,
1446 2768 1499 2832 cui

448 2873 550 2958 siquis
584 2867 767 2938 accederit⁸
806 2874 841 2936 ct
872 2891 906 2934 se
942 2869 1130 2936 demetierit
1161 2870 1311 2935 inveniet
1340 2891 1501 2936 mensurae

448 2997 516 3042 suae
550 2973 795 3061 quantitatem
825 2976 861 3038 et
894 2972 923 3038 si
953 2972 1144 3058 peregrinus
1174 2972 1228 3038 vel
1258 2972 1376 3058 aliquis
1398 2972 1501 3038 fessus

449 3101 483 3144 se
517 3077 560 3142 ad
591 3077 759 3142 tumulum
789 3075 1008 3154 inclinaverit,
1042 3075 1131 3140 illico
1161 3075 1290 3140 nullum
1320 3077 1442 3142 sentiet
1464 3077 1500 3142 in

450 3183 606 3250 membris
629 3181 767 3250 taedium
796 3183 852 3249 vel
873 3203 1061 3270 gravamen

492 3287 602 3354 Juxta
623 3285 861 3350 monasterium
892 3284 1156 3371 Wymbornense
1189 3307 1291 3372 prope
1321 3285 1500 3352 Batoniam

449 3395 500 3457 est
533 3411 650 3455 nemus
683 3389 890 3454 fructuosum
924 3387 1017 3473 cujus
1043 3388 1136 3475 ligna
1169 3389 1197 3452 si
1229 3389 1264 3453 in
1295 3411 1415 3475 aquam
1446 3390 1500 3455 vel

448 3495 484 3559 in
515 3499 638 3559 terram
661 3491 805 3558 vicinam
839 3513 898 3578 per
937 3511 1062 3556 annum
1100 3491 1269 3579 jacuerint
1306 3492 1342 3556 in
1380 3513 1497 3558 saxum

449 3601 697 3664 convertuntur.

485 3941 656 4008 'avalentcs.]
682 3939 949 4006 Theswrittenupcn
1034 3941 1114 4008 5ηοπ]
1134 3957 1183 3993 om.
1217 3943 1282 3993 BJ).

450 4035 594 4166 *fimf
604 4021 677 4152 Ψ·
690 4100 746 4150 BD
1034 4046 1164 4113 sistenda]
1184 4047 1271 4098 ansis
1305 4047 1370 4098 nn.

485 4181 554 4245 sn]
576 4185 615 4230 Β,
648 4181 679 4230 Β
714 4137 720 4152 ’
748 4138 754 4153 '
1035 4153 1142 4218 'missa]
1161 4153 1301 4205 mittuntur.
1335 4153 1399 4204 sl),

484 4257 663 4326 ⁴profimdum]
684 4256 828 4324 profundus.
863 4259 927 4312 BD.
1034 4258 1188 4326 “accederit]
1207 4257 1346 4310 accesserit.
1381 4258 1410 4308 B.
