3656 5800
620 915 804 967 aurosum
826 913 1076 966 nrsnonmaun.
1303 907 1370 972 281

314 1087 467 1154 Timebat
495 1087 587 1154 enim
614 1088 700 1154 filios
727 1087 944 1156 Constantini
964 1087 1073 1176 regis,¹
1105 1081 1238 1168 scilicet,
1263 1090 1370 1158 Aure-

313 1189 396 1256 lium
418 1193 454 1256 et
478 1188 588 1256 Utber
611 1189 748 1258 fratrem
777 1189 897 1258 suum.2
941 1191 993 1256 Da
1013 1189 1233 1258 edificatione
1265 1194 1368 1264 turris

313 1296 349 1360 at
377 1292 419 1360 dc
443 1291 604 1360 vaticinio
632 1292 788 1360 Merlini³
814 1292 886 1380 jam
909 1291 1124 1359 intendimus

745 1638 823 1706 Osr.
841 1637 932 1703 XLI.

465 1843 601 1933 Ioersptt
630 1843 704 1912 cito
733 1841 884 1911 Martini
915 1865 995 1912 cmm
1017 1843 1221 1934 Proptetc'c‘s.

362 2051 549 2116 Mancinus
564 2054 676 2116 autem
692 2049 836 2136 qualiter
858 2057 1044 2140 conceptus,
1059 2057 1167 2134 natus,
1184 2053 1221 2118 in
1243 2053 1367 2119 mundo
1380 2061 1436 2114 'rte
1447 2063 1508 2116 nis·

316 2151 528 2241 procreatus⁴
562 2151 716 2218 Historia
759 2151 952 2241 Vortigerni
989 2176 1058 2220 non
1099 2153 1253 2234 ostendit,
1291 2155 1367 2220 ideo
1378 2132 1482 2250 ffiffi

317 2255 444 2342 plenius
478 2253 685 2320 intendimus
716 2253 901 2342 explanare.
947 2256 1147 2346 Vortigerno
1169 2257 1283 2344 itaque
1305 2258 1367 2322 du·

316 2357 447 2424 bitante
469 2357 511 2424 da
543 2356 692 2423 adventu
723 2357 864 2423 duorum
895 2357 1045 2437 fratrum,
1071 2359 1204 2439 scilicet,
1239 2357 1369 2425 Aurelii

317 2459 486 2527 Ambrosii
510 2464 545 2526 et
568 2459 860 2548 Uterpendragon,
886 2461 1107 2527 munitionem
1129 2461 1231 2548 coepit
1252 2460 1367 2540 beare,

316 2561 651 2643 tur1im⁶aedificare,
666 2562 749 2648 qui⁶
769 2562 837 2628 sibi
856 2567 1010 2629 tutamen
1031 2561 1118 2629 forat
1134 2585 1209 2629 cum
1232 2567 1368 2630 ureteras
1420 2583 1422 2588 ·

316 2664 486 2731 amisisset.
532 2663 719 2751 Peragratis
746 2685 825 2752 ergo
861 2664 1060 2752 quibusdam
1094 2665 1174 2731 locis
1203 2665 1366 2752 congruis,

317 2766 537 2850 cementariis
585 2767 626 2832 de
663 2767 805 2832 diversis
842 2766 994 2854 partibus
1035 2767 1232 2852 coadunatis
1265 2767 1370 2854 jussit

316 2871 437 2936 turrim
467 2873 664 2936 construere.
711 2868 956 2936 Convenientes
986 2869 1092 2957 igitur
1125 2869 1281 2957 lapidarii
1304 2891 1370 2937 coe·

316 2977 439 3060 petunt
474 2971 592 3050 fodere,
632 2971 689 3038 scd
727 2972 884 3059 quioquid
921 2993 989 3038 una
1032 2971 1086 3037 die
1136 2973 1367 3060 operabantur,

317 3074 514 3140 absorbebat
557 3074 657 3140 tellus
701 3073 784 3141 illud
828 3074 864 3138 in
901 3074 1015 3152 altera,
1038 3072 1090 3139 ita
1126 3079 1167 3140 ut
1199 3075 1365 3141 nescirent

318 3199 475 3264 quorsum
497 3198 577 3264 opus
599 3175 732 3241 illorum
744 3175 757 3212 ⁷
770 3181 987 3242 evanesceret
1033 3174 1183 3263 Cumque
1198 3176 1233 3241 id
1249 3175 1367 3243 vorte-

315 3300 419 3367 gerno
459 3278 651 3344 nuntiatum
695 3277 812 3344 fuisset
855 3276 1022 3344 consuluit
1061 3299 1175 3364 magos
1213 3299 1290 3344 suos
1330 3283 1370 3345 ut

316 3403 448 3448 oausam
469 3380 518 3446 rei
540 3379 735 3446 indicarent
783 3379 850 3461 Qui
873 3379 1040 3458 dixerunt,
1065 3384 1105 3444 ut
1122 3379 1282 3466 juvenem
1297 3379 1369 3446 sine

315 3489 409 3571 patre
439 3488 608 3570 quaereret,
632 3481 874 3569 quaesitumque
908 3481 1117 3560 interficeret,
1145 3487 1185 3548 ut
1210 3481 1370 3570 sanguine

316 3585 420 3674 ipsius
449 3585 575 3674 lapidea
598 3590 634 3652 et
667 3589 864 3651 caementum
898 3588 1158 3672 aspergerentur.
1205 3583 1247 3650 Id
1280 3583 1370 3650 enim

315 3689 468 3776 prodesse
497 3687 688 3777 asserebant
709 3691 750 3752 ut
776 3685 1034 3752 fundamentum
1067 3689 1242 3752 constaret
1297 3685 1370 3752 Neo

317 3813 416 3869 mora,
455 3789 638 3856 mittuntur
671 3787 774 3875 legati
809 3809 869 3875 per
899 3787 1071 3854 universus
1109 3787 1296 3874 provincias
1329 3792 1372 3854 ut

319 3892 420 3959 talem
449 3891 618 3958 hominem
649 3889 848 3956 invenirent
893 3891 943 3956 At
973 3911 1048 3956 cum
1081 3889 1119 3955 in
1152 3889 1269 3956 urbem
1293 3911 1368 3976 quae

317 3998 431 4084 postea
462 3989 705 4060 Kairmerdin⁸
726 3995 845 4058 vocata
876 3989 1014 4058 trusset⁰
1036 3991 1213 4070 venissent,
1236 4013 1368 4078 conspe-

316 4101 438 4163 xenmt
469 4095 609 4183 juvenes
645 4099 724 4160 ante
748 4099 878 4182 portam
916 4093 1076 4173 ludentes,
1108 4099 1144 4159 at
1182 4094 1226 4160 ad
1251 4093 1368 4160 ludum

317 4203 547 4280 accesserunt3
583 4196 718 4283 fatigati
746 4199 860 4260 autem
883 4195 1003 4262 itinere
1033 4195 1190 4262 sederunt
1220 4195 1369 4283 explora·

350 4495 447 4562 Μυρὼ]
467 4493 681 4562 Theqiewrittcu
699 4509 767 4559 upon
785 4507 818 4545 an
901 4492 1021 4559 ιειιητύιι]
1039 4499 1072 4545 et.
1105 4506 1192 4558 praua
1225 4491 1292 4544 m).

317 4573 500 4626 masamtnA.
900 4572 977 4639 'quq
996 4587 1059 4637 qun.
1093 4571 1158 4622 RD.

349 4651 451 4719 'anund
469 4653 530 4717 eius.
564 4653 629 4704 B.D.
902 4650 1029 4718 'idm]
1047 4667 1128 4702 suum.
1161 4651 1196 4701 D.

350 4729 491 4798 ’Marino
508 4731 731 4784 InterlinedinA.
900 4728 1093 4796 waimara]
1112 4727 1285 4781 Kaermerdin.
1318 4729 1349 4780 B.

350 4811 654 4878 ‘procreaudeatadd
684 4809 718 4862 D.
901 4807 1022 4875 ’,[κὺεετ]
1041 4807 1095 4860 uu
1124 4807 1158 4860 D.
1225 4873 1228 4882 Ι
