3590 5844
548 854 731 912 resecrare
753 855 1004 910 nrsroarseuu.
1230 842 1294 912 au

252 1031 374 1098 lecerat
401 1031 465 1097 sibi
494 1030 667 1118 pelliceum
698 1035 733 1098 et
766 1031 837 1120 regi
868 1030 1019 1098 Arthuro
1050 1029 1225 1096 mandavit
1258 1033 1299 1096 ut
1313 1040 1441 1094 Thonis·

250 1134 384 1198 barbam
413 1156 508 1200 suam
530 1134 726 1200 festinanter
748 1135 932 1200 excoriaret
954 1137 988 1199 et
1012 1133 1212 1198 excoriatam
1235 1107 1410 1240 sibitffilgor

248 1236 413 1323 dirigeret,
441 1241 475 1302 et
504 1237 582 1324 quia
612 1236 681 1324 ipse
712 1237 839 1302 caeteris
866 1239 1007 1323 praeerat
1037 1235 1170 1322 regibus
1192 1235 1241 1299 ita
1263 1235 1299 1299 in
1311 1243 1418 1296 Arthue

248 1337 370 1404 honore
393 1337 464 1423 ejus
490 1338 627 1404 barbam
661 1337 750 1404 illius
773 1338 901 1404 caeteris
928 1337 1028 1402 altius
1054 1341 1296 1424 superponeret,

248 1440 300 1504 sin
323 1444 434 1505 autem
460 1440 660 1528 provocabat
682 1462 758 1506 eum
791 1441 834 1506 ed
857 1439 1012 1527 proelium
1035 1445 1068 1505 et
1091 1440 1149 1525 qui
1180 1439 1297 1505 fortior

245 1541 362 1608 fuisset
376 1541 476 1629 pelles
497 1548 532 1608 et
553 1543 690 1608 barbam
712 1541 835 1608 devicti
856 1541 996 1608 tulisset
1042 1541 1135 1606 Inito
1161 1538 1294 1627 itaque¹

247 1645 432 1724 certamine,
465 1645 684 1732 triumphavit
714 1643 890 1722 Arthurus,
926 1647 962 1710 et
992 1643 1129 1709 barbam
1160 1643 1297 1709 alterius

248 1745 358 1832 cepit,2
382 1751 417 1812 et
444 1753 560 1834 posteo
582 1745 666 1812 nulli
688 1746 817 1812 fortiori
840 1747 904 1812 isto
927 1745 1122 1812 obviaverat
1144 1749 1184 1812 ut
1206 1747 1297 1832 prius

248 1848 422 1942 asserebat

292 1950 440 2016 Victoria
454 1951 566 2038 igitur,
581 1955 621 2017 ut
635 1949 852 2039 praedictum⁸
867 1955 926 2029 est,
942 1951 1077 2038 potitus,
1096 1950 1132 2014 in
1155 1949 1297 2016 seeundo

247 2053 353 2118 noctis
375 2053 519 2120 diluculo
549 2054 594 2118 ad
623 2055 767 2120 tentoria
797 2076 857 2120 sua
888 2076 964 2120 cum
995 2054 1103 2140 capite
1132 2073 1297 2118 remeave-

248 2160 335 2234 runt,
359 2155 403 2221 od
431 2155 521 2242 quod
557 2155 789 2222 admirandum
821 2157 1017 2222 catervatim
1050 2152 1296 2232 concurrebant,

248 2256 448 2324 ascribentes
483 2258 515 2322 ei
548 2257 663 2324 laudes
694 2259 753 2345 qui
784 2259 928 2346 patriam
962 2280 983 2324 a
1020 2261 1118 2323 tanta
1149 2255 1298 2344 ingluvie

247 2359 451 2425 liberaverat.
496 2359 545 2426 At
580 2359 707 2426 Hoelus
729 2359 772 2426 ob
804 2358 944 2426 casum⁴
967 2361 1077 2447 neptis
1100 2381 1169 2426 suae
1191 2359 1298 2424 tristis

247 2458 320 2538 fuit,
336 2461 558 2549 praecepitque
580 2461 748 2528 basilicam
772 2461 927 2528 aedificari
949 2483 1046 2549 super
1068 2459 1206 2548 corpus⁶
1230 2459 1300 2526 He-

247 2560 332 2627 lenae
354 2561 392 2628 in
413 2569 527 2628 monte
549 2585 615 2650 quo
633 2563 777 2651 jacebat,
800 2564 890 2650 quod
911 2585 1016 2652 usque
1048 2563 1145 2629 hodie
1169 2561 1298 2628 Tumba

249 2663 389 2732 Helenae
411 2662 603 2731 vocitatur.⁶

661 3003 740 3070 One.
765 3001 887 3068 LXIV.

293 3225 607 3304 Oouannefflsoun
622 3227 749 3294 cunctis
771 3249 853 3314 quos
875 3231 1113 3315 expectaverat
1130 3225 1298 3294 Arthurue

248 3329 338 3396 illinc
369 3331 655 3419 Augustudunum
699 3330 917 3418 progreditur,
952 3351 1019 3418 quo
1068 3329 1299 3418 imperatorem

248 3433 361 3500 adesso
383 3432 616 3514 existimabat;
638 3437 679 3498 ut
701 3441 814 3500 autem
836 3431 881 3499 ad
895 3431 1020 3498 Album
1041 3431 1183 3498 fluvium
1205 3432 1300 3498 venit

248 3537 441 3602 nuntiatum
464 3541 515 3604 est
529 3535 582 3603 oi⁷
598 3533 714 3602 illum⁸
729 3541 837 3602 castra
859 3557 919 3602 sua
940 3557 1008 3602 non
1023 3533 1120 3622 longe
1143 3531 1298 3622 posuisse,

248 3641 400 3706 attento
422 3639 570 3706 incedere
592 3639 740 3706 exercitu
770 3644 904 3726 quanto,
929 3643 970 3705 ut
991 3637 1133 3716 aiebant,
1157 3638 1227 3725 ipse
1249 3659 1300 3703 re·

247 3741 362 3808 sistere
380 3739 540 3830 nequiret

291 3843 440 3910 Idcirco⁰
462 3843 657 3933 perterritus
680 3845 796 3932 coeptis
819 3841 887 3910 suis
910 3841 1060 3910 resistere
1070 3841 1096 3880 ¹⁰
1120 3841 1237 3921 noluit,
1265 3846 1300 3908 et

247 3968 344 4036 super
380 3946 486 4035 ripam
518 3945 664 4012 fluminis
696 3951 806 4014 castra
838 3969 898 4014 sua
934 3951 1080 4014 metatus
1118 3949 1178 4028 est,
1210 3946 1300 4013 unde

282 4334 615 4403 ¹1nitoithae]1nitoquc,
650 4334 683 4387 Ι),
798 4323 930 4390 calator]
956 4320 999 4388 qui
1028 4335 1120 4372 nomen
1149 4335 1183 4372 ex
1205 4319 1302 4372 tumulo

280 4421 379 4496 impp]
399 4427 548 4493 eupolim
562 4429 618 4478 „dg
653 4427 718 4478 RD·
798 4403 986 4468 puellsenactus
998 4401 1212 4452 Tumbellelene
1224 4415 1302 4466 usque

281 4511 455 4588 taedarum]
473 4519 543 4584 orius
554 4519 656 4570 dotum.
682 4519 716 4570 D.
798 4481 1207 4626 mzsseiffiudeiBmvociuur.
1235 4480 1301 4531 Μ).

281 4613 397 4679 'emund
416 4613 500 4667 efflfi·
536 4612 570 4663 D·
829 4637 929 4704 'illumi
954 4655 1002 4689 om.
1037 4639 1101 4688 111).

284 4706 401 4771 ’cm-⁹]
420 4705 505 4770 lP⁸l1¹⁸=
518 4707 573 4758 “st
608 4707 674 4758 RD·
830 4717 961 4784 'IdcircoJ
983 4719 1044 4768 Nee.
1057 4733 1142 4782 praem.
1161 4715 1226 4768 uu,

285 4793 532 4862 'Memmiadae
548 4797 640 4849 runca
651 4796 751 4849 Helene
829 4797 980 4863 Μήποτε]
999 4796 1125 4847 desistere.
1157 4797 1226 4847 mn
