3590 5844
455 899 522 964 332
747 911 929 962 rumorum
952 905 1198 960 nrsromssun.

289 1107 417 1160 Tneflis-
455 1107 476 1148 a
505 1085 652 1172 sapiente
683 1085 886 1172 praevidetur
924 1083 1100 1170 diligenter
1129 1105 1204 1149 cum
1240 1082 1418 1148 adactum
1456 1101 1511 1145 ac·

289 1181 345 1290 ‘12ss
358 1177 388 1226 ⁰?
455 1187 543 1252 cedit
568 1187 696 1254 facilius
725 1187 894 1252 toleratur.
942 1185 1086 1251 Facilius
1116 1185 1204 1250 enim
1235 1185 1509 1269 inquietationem

289 1259 395 1359 Artior.
457 1289 549 1354 Lucii
572 1289 709 1355 tolerare
740 1289 920 1376 poterimus
950 1289 979 1352 si
1009 1287 1176 1354 communi
1206 1286 1319 1352 studio
1341 1287 1511 1374 praemedi-

455 1391 519 1456 tati
538 1391 704 1471 fuerimus,
720 1391 840 1477 quibus
862 1391 967 1456 modis
991 1412 1063 1456 eam
1079 1389 1252 1455 debilitare
1275 1391 1508 1469 institerimus,

455 1515 553 1580 quam
580 1516 647 1559 non
672 1494 817 1559 multum
847 1492 943 1558 nobis
966 1489 1135 1558 timenda¹
1159 1514 1228 1557 esse
1251 1493 1415 1572 existimo,
1432 1515 1508 1556 eum

454 1597 673 1662 inrationabili
696 1618 796 1662 causa
818 1597 932 1682 exigat
956 1595 1121 1662 tributum
1149 1595 1239 1682 quod
1264 1617 1306 1661 ex
1332 1595 1509 1660 Britannia

453 1697 572 1764 habere
599 1697 771 1765 desiderat.
812 1698 903 1763 Dicit
927 1699 1014 1763 enim
1039 1699 1147 1785 ipsum
1172 1699 1235 1762 sibi
1260 1695 1356 1762 dari²
1380 1697 1507 1778 debere,

452 1802 532 1886 quia
569 1801 663 1867 Julio
700 1801 893 1886 caeterisque
931 1799 1192 1866 successoribus³
1232 1801 1300 1864 suis
1339 1801 1507 1866 redditum

453 1902 562 1982 fuerit,
588 1905 647 1990 qui
683 1903 819 1968 dissidio
844 1908 994 1968 velerum
1034 1907 1222 1968 nostrorum
1262 1903 1398 1968 invitati
1432 1925 1507 1968 cum

453 2010 582 2071 armata
611 2028 713 2071 manu
743 2005 984 2093 applicuerunt,
1007 2011 1108 2090 atque
1146 2005 1289 2092 patriam
1320 2005 1508 2071 domesticis

453 2107 599 2174 motibus
634 2108 845 2174 vacillantem
887 2131 957 2174 sum
996 2107 1154 2194 potestati
1205 2107 1240 2172 vi
1282 2112 1317 2172 et
1347 2108 1510 2172 violentia

454 2211 687 2277 submiserunt.
749 2211 837 2292 Quia
866 2233 945 2298 ergo
974 2231 1047 2275 eam
1083 2209 1145 2274 hoc
1183 2209 1280 2274 modo
1315 2210 1428 2296 adepti
1458 2211 1510 2274 fu-

454 2318 562 2394 erunt,
593 2313 737 2400 vectigal
767 2336 810 2379 ex
832 2335 872 2379 ea
905 2312 1028 2398 injuste
1058 2318 1223 2400 cepenmt.
1271 2311 1367 2376 Nihil
1398 2311 1511 2377 enim⁴

454 2415 544 2500 quod
582 2417 616 2480 vi
646 2421 682 2480 et
709 2415 871 2481 violentia
900 2414 1089 2500 adquiritur
1110 2413 1202 2500 juste
1234 2415 1277 2480 ab
1309 2414 1376 2480 ullo
1407 2415 1511 2501 possi-

453 2517 573 2597 detur3
603 2518 662 2604 qui
692 2517 887 2583 violentiam
918 2517 1036 2582 intubt
1071 2517 1331 2582 irrationabilem
1375 2539 1508 2582 causam

454 2621 632 2706 praetendit
670 2642 737 2706 qua
766 2642 826 2686 nos
850 2621 886 2684 in
916 2617 974 2686 re⁶
1004 2619 1068 2684 sibi
1096 2619 1291 2686 tributarios
1321 2641 1391 2686 esse
1421 2621 1509 2685 arbi-

455 2727 570 2786 tratur.

500 2823 611 2903 Quum
640 2829 750 2890 autern
785 2824 820 2889 id
850 2824 939 2910 quod
971 2825 1131 2910 injustum
1163 2831 1214 2890 est
1246 2847 1267 2890 a
1300 2827 1394 2891 nobis
1425 2849 1508 2912 prae-

454 2927 595 3012 sumpsit
617 2928 759 3014 exigere,
783 2927 946 2992 consimili
977 2927 1106 2992 ratione
1129 2933 1281 3014 petamus
1303 2929 1346 2993 ab
1369 2929 1427 2993 illo
1449 2931 1510 2994 tri-

455 3025 574 3094 butum
599 3029 723 3108 Romae,
748 3035 783 3094 et
806 3029 864 3116 qui
886 3028 1002 3094 fortior
1023 3029 1127 3094 luerit
1148 3028 1233 3096 ierat
1255 3031 1345 3117 quod
1367 3031 1510 3097 habere⁰

455 3129 650 3218 exoptavit?
696 3131 785 3197 Nam
809 3132 889 3218 qnia
909 3131 1023 3197 Julius
1039 3130 1153 3197 Csesar
1174 3134 1352 3219 caeterique
1368 3133 1510 3199 Romani

454 3257 547 3322 reges
584 3235 795 3301 Britanniam
829 3235 908 3300 olim
941 3233 1208 3322 subjugaverunt
1241 3236 1383 3324 vectigal
1421 3259 1510 3303 nunc

455 3337 573 3404 debere
596 3337 661 3403 sibi
691 3361 735 3404 ex
769 3337 827 3402 illa
860 3336 956 3402 reddi
993 3337 1149 3414 decernit,
1174 3337 1221 3402 sic
1243 3344 1277 3404 et
1311 3361 1371 3426 ego
1394 3361 1510 3404 censeo

455 3441 545 3526 qnod
579 3440 685 3506 Roma
718 3440 801 3505 mihi
831 3438 997 3504 tributum
1030 3439 1108 3505 dare
1142 3439 1242 3506 debet
1264 3442 1343 3526 quie
1364 3447 1509 3508 anteces-

454 3565 542 3609 sores
564 3544 630 3608 mei
653 3565 729 3609 eum
750 3543 940 3629 antiquitus
962 3541 1190 3610 obtinuerunt.

501 3645 637 3711 Belinus
660 3647 784 3711 etenim
801 3645 856 3710 ille
878 3645 1104 3710 serenissimus
1118 3667 1178 3710 rex
1194 3645 1368 3712 Britonum
1384 3648 1511 3712 auxilio

456 3748 567 3813 fratris
590 3749 642 3813 sui
665 3747 802 3814 Brennii
825 3769 905 3813 usus
927 3748 1094 3836 suspensis
1116 3749 1152 3813 in
1173 3749 1282 3815 medio
1304 3751 1374 3816 foro
1390 3767 1509 3815 xxnu.

456 3849 674 3916 nobilioribus
697 3849 856 3916 Romanis
878 3849 993 3915 urbem
1016 3857 1183 3938 oepenmt,
1207 3857 1402 3940 captamque
1425 3853 1509 3917 mul-

457 3954 501 4018 tis
524 3954 727 4040 temporibus
749 3953 969 4040 possiderimt.

502 4053 753 4136 Constantinus,
793 4055 933 4122 Helenae
970 4056 1068 4137 filius,
1113 4079 1242 4123 necnon
1275 4059 1509 4136 Maximianus,

457 4163 595 4244 uterque
617 4159 700 4224 mihi
720 4160 914 4247 cognatione
937 4160 1149 4247 propinquus,
1165 4161 1250 4226 alter
1271 4167 1347 4250 post
1369 4162 1511 4228 alterum

493 4607 630 4675 lumentis]
649 4607 793 4658 timendam.
827 4603 892 4656 Β.Ι).
983 4601 990 4684 Ι
1044 4597 1135 4648 ‘Nola
1153 4596 1180 4646 in
1194 4613 1273 4664 marg.
1308 4599 1376 4650 Ab.

493 4689 583 4757 ²dari]
602 4691 669 4742 dare.
687 4689 718 4738 B.
749 4687 822 4737 Nola
841 4685 958 4749 inmarg.
987 4685 988 4688 ’
1044 4677 1090 4726 ⁵iu
1107 4677 1146 4744 re]
1161 4677 1227 4740 jure.
1245 4681 1309 4729 Β.Ι).

461 4775 494 4825 1),
1043 4755 1164 4822 ‘lauru
1183 4773 1231 4808 om.
1266 4759 1331 4809 Β.Ι).

491 4848 700 4916 ‘commentitum
709 4845 914 4900 antecessoribus
926 4844 959 4896 D.
1043 4838 1197 4904 'exoptaviq
1216 4845 1324 4904 exoptat.
1353 4839 1385 4888 D.
